=LDR  03233cam a2200493Ii 4500
=001  TF9781315200651
=003  FlBoTFG
=005  20180331102445.0
=006  m\\\\\o\\d\\\\\\\\
=007  cr\\\\\\\\\\\\
=008  130331r20162002nyua\\\\ob\\\\001\0\eng\d
=020  \\$a9781351779715 (e-book: PDF)$q(e-book : PDF)
=020  \\$z9781351779715$q(e-book: PDF)
=020  \\$z9781351779692$q(e-book: Mobi)
=020  \\$z9781138145269$q(hardback)
=020  \\$z9780805841503$q(paperback)
=020  \\$a9781315200651 (e-book)
=020  \\$a9781351779692 (e-book: Mobi)
=020  \\$a9781138145269 (hardback)
=020  \\$a9780805841503 (paperback)
=024  7\$a10.4324/9781315200651 $2doi
=035  \\$a970389525
=040  \\$aFlBoTFG$cFlBoTFG$erda$beng
=050  \4$aLB1050$b.H36 2016
=082  04$a428.4072$bH236
=245  00$aHandbook of reading research /$ceditor P. David Pearson ; section editors Rebecca Barr, Michael L. Kamil, Peter Mosenthal.
=264  \1$aNew York ;$aLondon :$bRoutledge,$c©2016.
=300  \\$a1 online resource (4 volume pages) :$billustrations, text file, PDF
=336  \\$atext$2rdacontent
=337  \\$acomputer$2rdamedia
=338  \\$aonline resource$2rdacarrier
=500  \\$a"First published by 2002 Lawrence Erlbaum Associates, Inc., Publishers"--t.p. verso.
=504  \\$aIncludes bibliographical references and indexes.
=505  0\$apart Part One Methodological Issues -- chapter 1 The History of Reading Research -- chapter 2 Current Traditions of Reading Research -- chapter 3 Design and Analysis of Experiments -- chapter 4 Ethnographic Approaches to Reading Research -- chapter 5 Building and Testing Models of Reading Processes -- chapter 6 Assessment in Reading -- part Part Two Basic Processes: The State of the Art -- chapter 7 Models of the Reading Process -- chapter 8 Word Recognition -- chapter 9 A Schema-Theoretic View of Basic Processes in Reading Comprehension -- chapter 10 Listening and Reading -- chapter 11 The Structure of Text -- chapter 12 Metacognitive Skills and Reading -- chapter 13 Directions in the Sociolinguistic Study of Reading -- chapter 14 Social and Motivational Influences on Reading -- chapter 15 Understanding Figurative Language -- chapter 16 Individual Differences and Underlying Cognitive Processes -- part Part Three Instructional Practices: The State of the Art -- chapter 17 Early Reading from a Developmental Perspective -- chapter 18 Beginning Reading Instruction: From Debate to Reformation -- chapter 19 Word Identification -- chapter 20 Research on Teaching Reading Comprehension -- chapter 21 Studying -- chapter 22 Readability -- chapter 23 Classroom Instruction in Reading -- chapter 24 Managing Instruction -- chapter 25 Oral Reading.
=530  \\$aAlso available in print format.
=650  \0$aReading$xResearch$xMethodology.
=650  \0$aReading.
=655  \7$aElectronic books.$2lcsh
=700  1\$aBarr, Rebecca.
=700  1\$aKamil, Michael L.
=700  1\$aMosenthal, Peter.
=700  1\$aPearson, P. David.
=776  08$iPrint version: $z9781138145269$q(Hardback)
=793  0\$aTaylor & Francis online monographs (UCSD)
=856 40$zTaylor & Francis. Restricted to UCSD IP addresses.$uhttps://www.taylorfrancis.com/books/9781351779715

