=LDR  02642cam a2200445Ii 4500
=001  TF9781315686202
=003  FlBoTFG
=005  20180331111825.0
=006  m\\\\\o\\d\\\\\\\\
=007  cr\\\\\\\\\\\\
=008  180331s2017\\\\nyuabd\\ob\\\\001\0\eng\d
=020  \\$a9781317414445 (e-book: PDF)$q(e-book : PDF)
=020  \\$z9781317414445$q(e-book: PDF)
=020  \\$z9781317414421$q(e-book: Mobi)
=020  \\$z9781138921726$q(hardback)
=020  \\$a9781315686202 (e-book)
=020  \\$a9781317414421 (e-book: Mobi)
=020  \\$a9781138921726 (hardback)
=024  7\$a10.4324/9781315686202 $2doi
=035  \\$a(OCoLC)962305689
=040  \\$aFlBoTFG$cFlBoTFG$erda$beng
=050  \4$aG471$b.I75 2017
=082  04$a910.9142$bI826
=245  00$aIsland geographies :$bessays and conversations /$cedited by Elaine Stratford.
=264  \1$aNew York, N.Y. :$bRoutledge,$c©2017.
=300  \\$a1 online resource (xiv, 198 pages) :$billustrations, text file, PDF
=336  \\$atext$2rdacontent
=337  \\$acomputer$2rdamedia
=338  \\$aonline resource$2rdacarrier
=490  1\$aRoutledge studies in human geography
=504  \\$aIncludes bibliographical references and index.
=505  0\$a1. Introduction / Elaine Stratford -- 2. The deep Pacific : island governance and seabed mineral development / Katherine Genevieve Sammler -- 3. Islands and lighthouses : a phenomenological geography of Cape Bruny, Tasmania / Thâerâese Murray -- 4. Too much sail for a small craft? : donor requirements, scale, and capacity discourses in Kiribati / Annika Dean, Donna Green, and Patrick D. Nunn -- 5. An island feminism : convivial economics and the women's cooperatives of Lesvos / Marina Karides -- 6. Nature and islands : rethinking the cultural heritage of New Zealand's protected islands / David Bade -- 7. "The good garbage" : waste-to-energy applications and issues in the insular Caribbean / Russell Fielding -- 8. The returning terms of a small island culture : mimicry, inventiveness, suspension / Jonathan Pugh -- 9. Conversations on human geography and island studies / Elaine Stratford and the authors -- 10. Retrospect and prospect / Stephen Royle.
=530  \\$aAlso available in print format.
=650  \0$aHuman geography$vCase studies.
=650  \0$aIslands$vCase studies.
=655  \7$aElectronic books.$2lcsh
=700  1\$aStratford, Elaine.
=776  08$iPrint version: $z9781138921726(Hardback)$w 2016023775
=793  0\$aTaylor & Francis online monographs (UCSD)
=830  \0$aRoutledge studies in human geography.
=856 40$zTaylor & Francis. Restricted to UCSD IP addresses.$uhttps://www.taylorfrancis.com/books/9781317414445

