=LDR  03533cam a2200601Ii 4500
=001  TF9781315416694
=003  FlBoTFG
=005  20180330125217.0
=006  m\\\\\o\\d\\\\\\\\
=007  cr\\\\\\\\\\\\
=008  180331r20162015enka\\\\ob\\\\001\0\eng\d
=020  \\$a9781315416687 (e-book: PDF)$q(e-book : PDF)
=020  \\$z9781315416687$q(e-book: PDF)
=020  \\$z9781315416670$q(e-book: ePub)
=020  \\$z9781315416663$q(e-book: Mobi)
=020  \\$z9781611323955$q(hardback)
=020  \\$z9781611323962$q(paperback)
=020  \\$a9781315416694 (e-book)
=020  \\$a9781315416663 (e-book: Mobi)
=020  \\$a9781315416670 (e-book: ePub)
=020  \\$a9781611323955 (hardback)
=020  \\$a9781611323962 (paperback)
=024  7\$a10.4324/9781315416694 $2doi
=035  \\$a(OCoLC)954006439
=040  \\$aFlBoTFG$cFlBoTFG$erda$beng
=043  \\$an-us-va
=050  \4$aF228$b.A33 2016
=082  04$a975.501$bA264
=100  1\$aAgbe-Davies, Anna.,$eauthor.
=245  10$aTobacco, pipes, and race in colonial Virginia :$blittle tubes of mighty power /$cAnna S. Agbe-Davies.
=264  \1$aLondon :$bRoutledge,$c©2016.
=300  \\$a1 online resource (246 pages) :$billustrations, text file, PDF
=336  \\$atext$btxt$2rdacontent
=337  \\$acomputer$bc$2rdamedia
=338  \\$aonline resource$bcr$2rdacarrier
=500  \\$aFirst published 2015 by Left Coast Press, Inc.
=504  \\$aIncludes bibliographical references (pages 217-238) and index.
=505  0\$ach. 1. Introduction -- ch. 2. Classification, or, This is not a pipe -- ch. 3. "The Subberbs of James Cittie" -- ch. 4. Jamestown, cities and crafts -- ch. 5. Moving pipes through social and physical space -- ch. 6. Little tubes of mighty power, or, Doing things with words.
=520  2\$a"Tobacco, Pipes, and Race in Colonial Virginia investigates the economic and social power that surrounded the production and use of tobacco pipes in colonial Virginia and the difficulty of correlating objects with cultural identities. A common artifact in colonial period sites, previous publications on this subject have focused on the decorations on the pipes or which ethnic group produced and used the pipes, 'European,' 'African,' or 'Indian.' This book weaves together new interpretations, analytical techniques, classification schemes, historical background, and archaeological methods and theory. Special attention is paid to the subfield of African diaspora research to display the complexities of undiferstanding this class of material culture. This fascinating study is accessible to the undifergraduate readifer, as well as to graduate students and scholars"--$cProvided by publisher.
=530  \\$aAlso available in print format.
=650  \0$aAfrican Americans$xMaterial culture$zVirginia$xHistory.
=650  \0$aArchaeology and history$zVirginia.
=650  \0$aEthnoarchaeology$zVirginia.
=650  \0$aMaterial culture$zVirginia$xHistory.
=650  \0$aSocial archaeology$zVirginia.
=650  \0$aTobacco pipes$xEconomic aspects$zVirginia$xHistory.
=650  \0$aTobacco pipes$xSocial aspects$zVirginia$xHistory.
=651  \0$aVirginia$xAntiquities.
=651  \0$aVirginia$xRace relations$xHistory.
=651  \0$aVirginia$xSocial life and customs$yTo 1775.
=655  \7$aElectronic books.$2lcsh
=776  08$iPrint version: $z9781611323955(Hardback)$w 2014037882
=793  0\$aTaylor & Francis online monographs (UCSD)
=856 40$zTaylor & Francis. Restricted to UCSD IP addresses.$uhttps://www.taylorfrancis.com/books/9781315416687

