=LDR  04673cam a2200577Ii 4500
=001  TF9781315719238
=003  FlBoTFG
=005  20180331111825.0
=006  m\\\\\o\\d\\\\\\\\
=007  cr\\\\\\\\\\\\
=008  180331s2016\\\\enkaf\\\ob\\\\001\0\eng\d
=020  \\$a9781317515388 (e-book: PDF)$q(e-book : PDF)
=020  \\$z9781317515388$q(e-book: PDF)
=020  \\$z9781317515371$q(e-book: ePub)
=020  \\$z9781317515364$q(e-book: Mobi)
=020  \\$z9781844658657$q(hardback)
=020  \\$z9781844658664$q(paperback)
=020  \\$a9781315719238 (e-book)
=020  \\$a9781317515364 (e-book: Mobi)
=020  \\$a9781317515371 (e-book: ePub)
=020  \\$a9781844658657 (hardback)
=020  \\$a9781844658664 (paperback)
=024  7\$a10.4324/9781315719238 $2doi
=035  \\$a(OCoLC)958109441
=040  \\$aFlBoTFG$cFlBoTFG$erda$beng
=043  \\$ae-gr---$ae------$aaw-----
=050  \4$aDE60$b.S54 2016
=082  04$a152.140938$bS575
=245  00$aSight and the ancient senses /$cedited by Michael Squire.
=264  \1$aLondon ;$aNew York :$bRoutledge,$c©2016.
=300  \\$a1 online resource (xiii, 313 pages) :$billustrations, text file, PDF
=336  \\$atext$2rdacontent
=337  \\$acomputer$2rdamedia
=338  \\$aonline resource$2rdacarrier
=490  1\$aSenses in antiquity
=504  \\$aIncludes bibliographical references and index.
=505  0\$a1. Sight and the Presocratics : approaches to visual perception in early Greek philosophy / Kelli Rudolph -- 2. Sight and the philosophy of vision in classical Greece : Democritus, Plato and Aristotle / Andrea Nightingale -- 3. Sight and the perspectives of mathematics : the limits of ancient optics / Reviel Netz & Michael Squire -- 4. Sight and reflexivity : theorizing vision in Greek vase-painting / Jonas Grethlein -- 5. Sight and painting : optical theory and pictorial poetics in Classical Greek art / Jeremy Tanner -- 6. Sight and light : reified gazes and looking artefacts in the Greek cultural imagination / Ruth Bielfeldt -- 7. Sight and death : seeing the dead through ancient eyes / Susanne Turner -- 8. Sight and the gods : on the desire to see naked nymphs / Verity Platt -- 9. Sight and memory : the visual art of Roman mnemonics / Jas Elsner & Michael Squire -- 10. Sight and insight : theorizing vision, emotion and imagination in ancient rhetoric / Ruth Webb -- 11. Sight and Christianity : early Christian attitudes to seeing / Jane Heath -- 12. Sight and blindness : the mask of Thamyris / Lyndsay Coo -- 13. Sight in retrospective : the afterlife of ancient optics / A. Mark Smith.
=520  2\$a"Sight and the Ancient Senses is the first thorough introduction to the conceptualization of sight in the history, visual culture, literature and philosophy of classical antiquity. Examining how Greeks and Romans interpreted what they saw, the collection also considers sight in relation to the other senses. This volume brings together a number of interdisciplinary perspectives to deliver a broad and balanced coverage of this subject. Contributors explore the cultural, social and intellectual backdrops that gave rise to ancient theories of seeing, from Archaic Greece through to the advent of Christianity in late antiquity. This series of specially commissioned thematic chapters demonstrate how theories about sight informed Graeco-Roman philosophy, science, poetry rhetoric and art. The collection also reaches beyond its Graeco-Roman visual framework, showcasing how ancient ideas have influenced the longue duree of western sensory thinking. Richly illustrated throughout, including a section of color plates, Sight and the Ancient Senses is a wide-ranging introduction to ancient theories of seeing which will be an invaluable resource for students and scholars of classical antiquity"--Provided by publisher.
=530  \\$aAlso available in print format.
=650  \0$aCivilization, Classical.
=650  \0$aSenses and sensation$xSocial aspects$zGreece$xHistory$yTo 1500.
=650  \0$aSenses and sensation$xSocial aspects$zRome$xHistory.
=650  \0$aVision$xSocial aspects$zGreece$xHistory$yTo 1500.
=650  \0$aVision$xSocial aspects$zRome$xHistory.
=650  \0$aVisual perception$xSocial aspects$zGreece$xHistory$yTo 1500.
=650  \0$aVisual perception$xSocial aspects$zRome$xHistory$yTo 1500.
=655  \7$aElectronic books.$2lcsh
=700  1\$aSquire, Michael.
=776  08$iPrint version: $z9781844658657$q(Hardback)$w(DLC) 2015023167
=793  0\$aTaylor & Francis online monographs (UCSD)
=830  \0$aSenses in antiquity.
=856 40$zTaylor & Francis. Restricted to UCSD IP addresses.$uhttps://www.taylorfrancis.com/books/9781317515388

