=LDR  02089cam a2200529Ii 4500
=001  TF9781315680354
=003  FlBoTFG
=005  20180331111825.0
=006  m\\\\\o\\d\\\\\\\\
=007  cr\\\\\\\\\\\\
=008  180331s2016\\\\enka\\\\ob\\\\001\0\eng\d
=020  \\$a9781317396932 (e-book: PDF)$q(e-book : PDF)
=020  \\$z9781317396932$q(e-book: PDF)
=020  \\$z9781317396925$q(e-book: ePub)
=020  \\$z9781317396918$q(e-book: Mobi)
=020  \\$z9781848723399$q(hardback)
=020  \\$z9781848723382$q(paperback)
=020  \\$a9781315680354 (e-book)
=020  \\$a9781317396918 (e-book: Mobi)
=020  \\$a9781317396925 (e-book: ePub)
=020  \\$a9781848723399 (hardback)
=020  \\$a9781848723382 (paperback)
=024  7\$a10.4324/9781315680354 $2doi
=035  \\$a(OCoLC)958106147
=040  \\$aFlBoTFG$cFlBoTFG$erda$beng
=050  \4$aHV6773.15.C92$bC936 2016
=082  04$a302.343$bC994
=130  0\$aCyberbullying (Psychology Press)
=245  10$aCyberbullying :$bfrom theory to intervention /$cedited by Trijntje Vollink, Francine Dehue and Conor McGuckin.
=264  \1$aLondon ;$aNew York :$bRoutledge,$c©2016.
=300  \\$a1 online resource (viii, 193 pages) :$billustrations, text file, PDF
=336  \\$atext$2rdacontent
=337  \\$acomputer$2rdamedia
=338  \\$aonline resource$2rdacarrier
=490  1\$aCurrent issues in social psychology
=504  \\$aIncludes bibliographical references and index.
=505  0\$apt. 1. State of the art -- pt. 2. ICT based intervention programs against cyberbullying.
=530  \\$aAlso available in print format.
=650  \0$aCyberbullying$xPrevention.
=650  \0$aCyberbullying.
=655  \7$aElectronic books.$2lcsh
=700  1\$aDehue, Francine.
=700  1\$aMcGuckin, Conor.
=700  1\$aVollink, Trijntje.
=776  08$iPrint version: $z9781848723399(Hardback)$w 2015017283
=793  0\$aTaylor & Francis online monographs (UCSD)
=830  \0$aCurrent issues in social psychology.
=856 40$zTaylor & Francis. Restricted to UCSD IP addresses.$uhttps://www.taylorfrancis.com/books/9781317396932

