=LDR  01910cam a2200481Ii 4500
=001  TF9781315757193
=003  FlBoTFG
=005  20180331111825.0
=006  m\\\\\o\\d\\\\\\\\
=007  cr\\\\\\\\\\\\
=008  180331s2016\\\\enk\\\\\ob\\\\001\0\eng\d
=020  \\$a9781317632443 (e-book: PDF)$q(e-book : PDF)
=020  \\$z9781317632443$q(e-book: PDF)
=020  \\$z9781317632436$q(e-book: ePub)
=020  \\$z9781317632429$q(e-book: Mobi)
=020  \\$z9781138797338$q(hardback)
=020  \\$z9781138797345$q(paperback)
=020  \\$a9781315757193 (e-book)
=020  \\$a9781317632429 (e-book: Mobi)
=020  \\$a9781317632436 (e-book: ePub)
=020  \\$a9781138797338 (hardback)
=020  \\$a9781138797345 (paperback)
=024  7\$a10.4324/9781315757193 $2doi
=035  \\$a(OCoLC)939519336
=040  \\$aFlBoTFG$cFlBoTFG$erda$beng
=050  \4$aPN1995$b.M3775 2016
=082  04$a791.4301$bM135
=100  1\$aMcDonald, Kevin,$d1976-,$eauthor.
=245  10$aFilm theory :$bthe basics /$cKevin McDonald.
=264  \1$aMilton Park, Abingdon, Oxon ;$aNew York :$bRoutledge,$c©2016.
=300  \\$a1 online resource (195 pages) :$btext file, PDF
=336  \\$atext$2rdacontent
=337  \\$acomputer$2rdamedia
=338  \\$aonline resource$2rdacarrier
=490  1\$aBasics
=504  \\$aIncludes bibliographical references and index.
=505  0\$aIntroduction -- Theory before theory, 1915-1960 -- French theory, 1949-1968 -- Screen theory, 1969-1996 -- Post-theory, 1996-2015 -- Summary.
=530  \\$aAlso available in print format.
=650  \0$aMotion pictures$xPhilosophy.
=655  \7$aElectronic books.$2lcsh
=776  08$iPrint version: $z9781138797338$q(Hardback)$w(DLC) 2015035053
=793  0\$aTaylor & Francis online monographs (UCSD)
=830  \0$aBasics (Routledge (Firm))
=856 40$zTaylor & Francis. Restricted to UCSD IP addresses.$uhttps://www.taylorfrancis.com/books/9781317632443

