=LDR  02236cam a2200517Ii 4500
=001  TF9781315745435
=003  FlBoTFG
=005  20180331111825.0
=006  m\\\\\o\\d\\\\\\\\
=007  cr\\\\\\\\\\\\
=008  180331s2016\\\\enka\\\\ob\\\\001\0\eng\d
=020  \\$a9781317595298 (e-book: PDF)$q(e-book : PDF)
=020  \\$z9781317595298$q(e-book: PDF)
=020  \\$z9781317595281$q(e-book: ePub)
=020  \\$z9781317595274$q(e-book: Mobi)
=020  \\$z9781138818170$q(hardback)
=020  \\$z9781138575929$q(paperback)
=020  \\$a9781315745435 (e-book)
=020  \\$a9781317595274 (e-book: Mobi)
=020  \\$a9781317595281 (e-book: ePub)
=020  \\$a9781138818170 (hardback)
=020  \\$a9781138575929 (paperback)
=024  7\$a10.4324/9781315745435 $2doi
=035  \\$a(OCoLC)958108900
=040  \\$aFlBoTFG$cFlBoTFG$erda$beng
=043  \\$aa-cc---
=050  \4$aLA1131.82$b.R44 2016
=082  04$a370.951$bR281
=245  00$aRe-envisioning Chinese education :$bthe meaning of person-making in a new age /$cedited by Guoping Zhao and Zongyi Deng.
=264  \1$aAbingdon, Oxon ;$aNew York, NY :$bRoutledge is an imprint of the Taylor & Francis Group, an Informa business,$c©2016.
=300  \\$a1 online resource (xiv, 218 pages) :$billustrations, text file, PDF
=336  \\$atext$2rdacontent
=337  \\$acomputer$2rdamedia
=338  \\$aonline resource$2rdacarrier
=490  0\$aEducation and society in China
=504  \\$aIncludes bibliographical references and index.
=505  0\$apt. I. Modernization and Chinese education : historical perspectives -- pt. II. Rediscovering China's cultural roots of education -- pt. III. Re-envisioning Chinese education as person-making.
=530  \\$aAlso available in print format.
=650  \0$aEducation$xAims and objectives$zChina.
=650  \0$aEducation$zChina$xPhilosophy.
=650  \0$aEducational change$zChina.
=655  \7$aElectronic books.$2lcsh
=700  1\$aDeng, Zongyi.
=700  1\$aZhao, Guoping,$d1962-
=776  08$iPrint version: $z9781138818170$q(Hardback)$w(DLC) 2015019877
=793  0\$aTaylor & Francis online monographs (UCSD)
=856 40$zTaylor & Francis. Restricted to UCSD IP addresses.$uhttps://www.taylorfrancis.com/books/9781317595298

