=LDR  02104cam a2200529Ii 4500
=001  TF9781315775661
=003  FlBoTFG
=005  20180331111825.0
=006  m\\\\\o\\d\\\\\\\\
=007  cr\\\\\\\\\\\\
=008  180331s2016\\\\enka\\\\ob\\\\001\0\eng\d
=020  \\$a9781317688129 (e-book: PDF)$q(e-book : PDF)
=020  \\$z9781317688129$q(e-book: PDF)
=020  \\$z9781317688112$q(e-book: ePub)
=020  \\$z9781317688105$q(e-book: Mobi)
=020  \\$z9781138024564$q(hardback)
=020  \\$z9781138024571$q(paperback)
=020  \\$a9781315775661 (e-book)
=020  \\$a9781317688105 (e-book: Mobi)
=020  \\$a9781317688112 (e-book: ePub)
=020  \\$a9781138024564 (hardback)
=020  \\$a9781138024571 (paperback)
=024  7\$a10.4324/9781315775661 $2doi
=035  \\$a(OCoLC)958099580
=040  \\$aFlBoTFG$cFlBoTFG$erda$beng
=050  \4$aP118.2$b.L373 2016
=082  04$a418.00727$bL334
=100  1\$aLarson-Hall, Jenifer.,$eauthor.
=245  12$aA guide to doing statistics in second language research using SPSS and R /$cJenifer Larson-Hall.
=250  \\$aSecond edition.
=264  \1$aLondon ;$aNew York :$bRoutledge,$c©2016.
=300  \\$a1 online resource (xix, 507 pages) :$billustrations, text file, PDF
=336  \\$atext$2rdacontent
=337  \\$acomputer$2rdamedia
=338  \\$aonline resource$2rdacarrier
=490  1\$aSecond language acquisition research
=500  \\$a"Companion @ website"--cover.
=504  \\$aIncludes bibliographical references and index.
=505  0\$apt. 1. Statistical ideas -- pt. 2. Statistical tests.
=530  \\$aAlso available in print format.
=630  00$aSPSS (Computer file)
=650  \0$aSecond language acquisition$xResearch.
=650  \0$aSecond language acquisition$xStatistical methods.
=655  \7$aElectronic books.$2lcsh
=776  08$iPrint version: $z9781138024564$q(Hardback)$w(DLC) 2014045247
=793  0\$aTaylor & Francis online monographs (UCSD)
=830  \0$aSecond language acquisition research.
=856 40$zTaylor & Francis. Restricted to UCSD IP addresses.$uhttps://www.taylorfrancis.com/books/9781317688129

