=LDR  02179cam a2200493Ii 4500
=001  TF9781315732077
=003  FlBoTFG
=005  20180331111825.0
=006  m\\\\\o\\d\\\\\\\\
=007  cr\\\\\\\\\\\\
=008  180331s2016\\\\nyu\\\\\ob\\\\001\0\eng\d
=020  \\$a9781317553892 (e-book: PDF)$q(e-book : PDF)
=020  \\$z9781317553892$q(e-book: PDF)
=020  \\$z9781317553885$q(e-book: ePub)
=020  \\$z9781317553878$q(e-book: Mobi)
=020  \\$z9781138841611$q(hardback)
=020  \\$z9780815386490$q(paperback)
=020  \\$a9781315732077 (e-book)
=020  \\$a9781317553878 (e-book: Mobi)
=020  \\$a9781317553885 (e-book: ePub)
=020  \\$a9781138841611 (hardback)
=020  \\$a9780815386490 (paperback)
=024  7\$a10.4324/9781315732077 $2doi
=035  \\$a(OCoLC)932622674
=040  \\$aFlBoTFG$cFlBoTFG$erda$beng
=050  \4$aRA778$b.C66 2016
=082  04$a613.04244$bC734
=245  00$aCommunicating women's health :$bsocial and cultural norms that influence health decisions /$cedited by Annette Madlock Gatison.
=264  \1$aNew York :$bRoutledge,$c©2016.
=300  \\$a1 online resource (viii, 199 pages) :$btext file, PDF
=336  \\$atext$2rdacontent
=337  \\$acomputer$2rdamedia
=338  \\$aonline resource$2rdacarrier
=490  1\$aRoutledge research in health communication ;$v1
=504  \\$aIncludes bibliographical references and index.
=505  0\$asection 1. Historical influences on patient and provider perceptions -- section 2. Breast cancer, the silence and the shame -- section 3. Make it taboo : motherhood, mothering, and reproduction -- section 4. Sex, sexuality, relational health, and womanhood.
=530  \\$aAlso available in print format.
=650  \0$aCommunication in medicine.
=650  \0$aWomen$xHealth and hygiene.
=655  \7$aElectronic books.$2lcsh
=700  1\$aMadlock Gatison, Annette.
=776  08$iPrint version: $z9781138841611$q(Hardback)$w(DLC) 2015026738
=793  0\$aTaylor & Francis online monographs (UCSD)
=830  \0$aRoutledge research in health communication ;$v1.
=856 40$zTaylor & Francis. Restricted to UCSD IP addresses.$uhttps://www.taylorfrancis.com/books/9781317553892

