=LDR  03332cam a2200445Ii 4500
=001  TF9781315651095
=003  FlBoTFG
=005  20180331111825.0
=006  m\\\\\o\\d\\\\\\\\
=007  cr\\\\\\\\\\\\
=008  180331s2017\\\\enka\\\\ob\\\\001\0\eng\d
=020  \\$a9781317309017 (e-book: PDF)$q(e-book : PDF)
=020  \\$z9781317309017$q(e-book: PDF)
=020  \\$z9781317308997$q(e-book: Mobi)
=020  \\$z9781138121256$q(hardback)
=020  \\$a9781315651095 (e-book)
=020  \\$a9781317308997 (e-book: Mobi)
=020  \\$a9781138121256 (hardback)
=024  7\$a10.4324/9781315651095 $2doi
=035  \\$a(OCoLC)960040584
=040  \\$aFlBoTFG$beng$erda$cFlBoTFG
=050  \4$aQH541.15.B56$bI577 2017
=082  04$a333.9516$bI611
=245  04$aThe Intergovernmental Platform on Biodiversity and Ecosystem Services (IPBES) :$bmeeting the challenges of biodiversity conservation and governance /$cedited by Marie Hrabanski and Denis Pesche.
=264  \1$aLondon ;$aNew York :$bRoutledge,$c©2017.
=300  \\$a1 online resource :$btext file, PDF
=336  \\$atext$2rdacontent
=337  \\$acomputer$2rdamedia
=338  \\$aonline resource$2rdacarrier
=490  0\$aRoutledge studies in biodiversity politics and management
=504  \\$aIncludes bibliographical references and index.
=505  0\$a1. Introduction: analyzing IPBES functioning within the biodiversity regime complex and beyond / Marie Hrabanski and Denis Pesche -- 2. IPBES and governance of the international biodiversity regime complex / Philippe Le Prestre and Daniel Compagnon -- 3. The birth of a science-policy interface for biodiversity : the history of IPBES / Alice B.M. Vadrot -- 4. IPBES mandate and governance / Denis Pesche, Guillaume Futhazar and Sandrine Maljean-Dubois -- 5. From climate to biodiversity : procedural transcriptions and innovations within IPBES in the light of IPCC practices / Guillaume Futhazar -- 6. The IPCC experience and lessons for IPBES / Daniel Compagnon and Wolfgang Cramer -- 7. Making the IPBES conceptual framework : a Rosetta Stone? / Maud Borie and Denis Pesche -- 8. Building process, effectiveness and limits of an IPBES stakeholder group / Marie Hrabanski, Mohamed Oubenal and Denis Pesche -- 9. Capacity building for global science-policy interface activities : the establishment of the IPBES task force on capacity building / Selim Louafi -- 10. Indigenous challenges under IPBES : embracing indigenous knowledge and beyond / Claudio Chiarolla and Annalisa Savaresi -- 11. First thematic assessment on pollination : between the legitimization of IPBES and tensions regarding the selection of knowledge and experts / Fanny Duperray, Marie Hrabanski and Mohamed Oubenal -- 12. Conclusion : the emergence of complex scientific governance / Philippe Le Prestre.
=530  \\$aAlso available in print format.
=610  20$aIntergovernmental Platform on Biodiversity and Ecosystem Services.
=650  \0$aBiodiversity$xInternational cooperation.
=655  \7$aElectronic books.$2lcsh
=700  1\$aHrabanski, Marie,$d1980-$eeditor...
=700  1\$aPesche, Denis,$eeditor...
=776  08$iPrint version: $z9781138121256(Hardback)$w 2016017841
=793  0\$aTaylor & Francis online monographs (UCSD)
=856 40$zTaylor & Francis. Restricted to UCSD IP addresses.$uhttps://www.taylorfrancis.com/books/9781317309017

