=LDR  02176cam a2200493Ii 4500
=001  TF9781315817576
=003  FlBoTFG
=005  20180331111825.0
=006  m\\\\\o\\d\\\\\\\\
=007  cr\\\\\\\\\\\\
=008  180331s2015\\\\nyua\\\\ob\\\\001\0\eng\d
=020  \\$a9781317814108 (e-book: PDF)$q(e-book : PDF)
=020  \\$z9781317814108$q(e-book: PDF)
=020  \\$z9781317814092$q(e-book: ePub)
=020  \\$z9781317814085$q(e-book: Mobi)
=020  \\$z9780415738132$q(hardback)
=020  \\$a9781315817576 (e-book)
=020  \\$a9781317814085 (e-book: Mobi)
=020  \\$a9781317814092 (e-book: ePub)
=020  \\$a9780415738132 (hardback)
=024  7\$a10.4324/9781315817576 $2doi
=035  \\$a(OCoLC)958100310
=040  \\$aFlBoTFG$cFlBoTFG$erda$beng
=050  \4$aPN6714$b.P676 2015
=082  04$a741.59$bP857
=245  00$aPostcolonial comics :$btexts, events, identities /$cedited by Binita Mehta and Pia Mukherji.
=264  \1$aNew York :$bRoutledge,$c©2015.
=300  \\$a1 online resource (viii, 235 pages) :$billustrations, text file, PDF
=336  \\$atext$2rdacontent
=337  \\$acomputer$2rdamedia
=338  \\$aonline resource$2rdacarrier
=490  1\$aRoutledge research in postcolonial literatures ;$v53
=504  \\$aIncludes bibliographical references and index.
=505  0\$apt. 1. Geographies of contact : Gibraltar / Malta / Asia-Pacific -- pt. 2. Francophone post-histories : Algeria / Congo / Gabon -- pt. 3. Postcolonial politics : India -- pt. 4. War, nationhood, and transnationalism : the Middle East.
=530  \\$aAlso available in print format.
=650  \0$aComic books, strips, etc.$xHistory and criticism.
=650  \0$aGraphic novels$xHistory and criticism.
=650  \0$aPostcolonialism in literature.
=655  \7$aElectronic books.$2lcsh
=700  1\$aMehta, Binita,$d1962-
=700  1\$aMukherji, Pia,$d1966-
=776  08$iPrint version: $z9780415738132$q(Hardback)$w(DLC) 2014045621
=793  0\$aTaylor & Francis online monographs (UCSD)
=830  \0$aRoutledge research in postcolonial literatures ;$v53.
=856 40$zTaylor & Francis. Restricted to UCSD IP addresses.$uhttps://www.taylorfrancis.com/books/9781317814108

