=LDR  03564cam a2200613Ii 4500
=001  TF9781315725109
=003  FlBoTFG
=005  20180331111825.0
=006  m\\\\\o\\d\\\\\\\\
=007  cr\\\\\\\\\\\\
=008  180331s2017\\\\nyuab\\\ob\\\\001\0\eng\d
=020  \\$a9781317532958 (e-book: PDF)$q(e-book : PDF)
=020  \\$z9781317532958$q(e-book: PDF)
=020  \\$z9781317532941$q(e-book: ePub)
=020  \\$z9781317532934$q(e-book: Mobi)
=020  \\$z9781138849952$q(hardback)
=020  \\$a9781315725109 (e-book)
=020  \\$a9781317532934 (e-book: Mobi)
=020  \\$a9781317532941 (e-book: ePub)
=020  \\$a9781138849952 (hardback)
=020  \\$a9781138329645 (paperback)
=024  7\$a10.4324/9781315725109 $2doi
=035  \\$a(OCoLC)954102994
=040  \\$aFlBoTFG$cFlBoTFG$erda$beng
=043  \\$ae-sp---
=050  \4$aDP269.8.I5$bL44 2017
=082  04$a946.08$bL496
=245  00$aLegacies of violence in contemporary Spain :$bexhuming the past, understanding the present /$cedited by Ofelia Ferran and Lisa Hilbink.
=264  \1$aNew York ;$aLondon :$bRoutledge,$c©2017.
=300  \\$a1 online resource (xvii, 365 pages) :$billustrations, text file, PDF
=336  \\$atext$2rdacontent
=337  \\$acomputer$2rdamedia
=338  \\$aonline resource$2rdacarrier
=490  1\$aRoutledge studies in modern European history ;$v32
=504  \\$aIncludes bibliographical references and index.
=505  0\$apt. 1. Mass graves : "unearthing" the memories of violence -- pt. 2. Political, legislative, and judicial responses to past violence -- pt. 3. Cultural representations of violence -- pt. 4. Interview with Baltasar Garzon.
=520  2\$a"This book provides a comprehensive, interdisciplinary study of the multiple legacies of Francoist violence in contemporary Spain, with a special focus on the exhumations of mass graves from the Civil War and post-war era. The various contributions frame their study within a broader reflection on the nature, function and legacies of state-sanctioned violence in its many forms. Offering perspectives from fields as varied as history, political science, literary and cultural studies, forensic and cultural anthropology, international human rights law, sociology, and art, this volume explores the multifaceted nature of a society's reckoning with past violence. It speaks not only to those interested in contemporary Spain and Western Europe, but also to those studying issues of transitional and post-transitional justice in other national and regional contexts"--Provided by publisher.
=530  \\$aAlso available in print format.
=650  \0$aCollective memory$zSpain.
=650  \0$aExhumation$xPolitical aspects$zSpain.
=650  \0$aMass burials$zSpain$xHistory$y20th century.
=650  \0$aMemory$xSocial aspects$zSpain.
=650  \0$aPolitical violence$zSpain$xHistory$y20th century.
=650  \0$aSocial justice$zSpain.
=651  \0$aSpain$xHistory$y1939-1975.
=651  \0$aSpain$xHistory$yCivil War, 1936-1939$xInfluence.
=651  \0$aSpain$xHistory$yCivil War, 1936-1939$xSocial aspects.
=651  \0$aSpain$xPolitics and government$y1939-1975.
=655  \7$aElectronic books.$2lcsh
=700  1\$aFerran, Ofelia,$d1965-
=700  1\$aHilbink, Lisa,$d1967-
=776  08$iPrint version: $z9781138849952$q(Hardback)$w(DLC) 2016018990
=793  0\$aTaylor & Francis online monographs (UCSD)
=830  \0$aRoutledge studies in modern European history ;$v32.
=856 40$zTaylor & Francis. Restricted to UCSD IP addresses.$uhttps://www.taylorfrancis.com/books/9781317532958

