=LDR  02920cam a2200577Ii 4500
=001  TF9781315709628
=003  FlBoTFG
=005  20180331111825.0
=006  m\\\\\o\\d\\\\\\\\
=007  cr\\\\\\\\\\\\
=008  180331s2016\\\\enk\\\\\ob\\\\001\0\eng\d
=020  \\$a9781317486503 (e-book: PDF)$q(e-book : PDF)
=020  \\$z9781317486503$q(e-book: PDF)
=020  \\$z9781317486497$q(e-book: ePub)
=020  \\$z9781317486480$q(e-book: Mobi)
=020  \\$z9781138891500$q(hardback)
=020  \\$z9781138310483$q(paperback)
=020  \\$a9781315709628 (e-book)
=020  \\$a9781317486480 (e-book: Mobi)
=020  \\$a9781317486497 (e-book: ePub)
=020  \\$a9781138891500 (hardback)
=020  \\$a9781138310483 (paperback)
=024  7\$a10.4324/9781315709628 $2doi
=035  \\$a(OCoLC)923734375
=040  \\$aFlBoTFG$cFlBoTFG$erda$beng
=043  \\$aa-cc---$aac-----$aaz-----$aas-----
=050  \4$aHF1604$b.R44 2016
=082  04$a327.5105$bR332
=100  1\$aReeves, Jeffrey$c(Writer on Asian security issues),$eauthor.
=245  10$aChinese foreign relations with weak peripheral states :$basymmetrical economic power and insecurity /$cJeffrey Reeves.
=264  \1$aLondon ;$aNew York :$bRoutledge,$c©2016.
=300  \\$a1 online resource (xvi, 241 pages) :$btext file, PDF
=336  \\$atext$2rdacontent
=337  \\$acomputer$2rdamedia
=338  \\$aonline resource$2rdacarrier
=490  1\$aAsian security studies
=504  \\$aIncludes bibliographical references and index.
=505  0\$a1. Asymmetrical economic exchange : negative outcomes of structural power and structural violence -- 2. China's reliance on economic exchange with its peripheral states -- 3. Sino-Kyrgyzstan relations -- 4. Sino-Tajikistan relations -- 5. Sino-Afghanistan relations -- 6. Sino-Pakistan relations -- 7. Sino-Nepal relations -- 8. Sino-Myanmar relations -- 9. Sino-Lao PDR relations -- 10. Sino-Mongolia relations -- 11. Weak states, China's security, and policy prescriptions -- 12. Weak states, structural power, and structural violence.
=530  \\$aAlso available in print format.
=651  \0$aAsia, Central$xForeign economic relations$zChina.
=651  \0$aChina$xEconomic policy$y21st century.
=651  \0$aChina$xForeign economic relations$y21st century.
=651  \0$aChina$xForeign economic relations$zAsia, Central.
=651  \0$aChina$xForeign economic relations$zSouth Asia.
=651  \0$aChina$xForeign economic relations$zSoutheast Asia.
=651  \0$aSouth Asia$xForeign economic relations$zChina.
=651  \0$aSoutheast Asia$xForeign economic relations$zChina.
=655  \7$aElectronic books.$2lcsh
=776  08$iPrint version: $z9781138891500$q(Hardback)$w(DLC) 2015019472
=793  0\$aTaylor & Francis online monographs (UCSD)
=830  \0$aAsian security studies.
=856 40$zTaylor & Francis. Restricted to UCSD IP addresses.$uhttps://www.taylorfrancis.com/books/9781317486503

