=LDR  02230cam a2200541Ii 4500
=001  TF9781315636542
=003  FlBoTFG
=005  20180331111825.0
=006  m\\\\\o\\d\\\\\\\\
=007  cr\\\\\\\\\\\\
=008  180331s2017\\\\enka\\\\ob\\\\001\0\eng\d
=020  \\$a9781317265351 (e-book: PDF)$q(e-book : PDF)
=020  \\$z9781317265351$q(e-book: PDF)
=020  \\$z9781317265344$q(e-book: ePub)
=020  \\$z9781317265337$q(e-book: Mobi)
=020  \\$z9781138640443$q(hardback)
=020  \\$z9780815361497$q(paperback)
=020  \\$a9781315636542 (e-book)
=020  \\$a9781317265337 (e-book: Mobi)
=020  \\$a9781317265344 (e-book: ePub)
=020  \\$a9781138640443 (hardback)
=020  \\$a9780815361497 (paperback)
=024  7\$a10.4324/9781315636542 $2doi
=035  \\$a(OCoLC)953030172
=040  \\$aFlBoTFG$cFlBoTFG$erda$beng
=043  \\$aa-ja---
=050  \4$aHM1106$b.C377 2017
=082  04$a158.240952$bC355
=100  1\$aCastro-Vazquez, Genaro,$d1966-,$eauthor.
=245  10$aIntimacy and reproduction in contemporary Japan /$cGenaro Castro-Vazquez.
=264  \1$aLondon ;$aNew York :$bRoutledge,$c©2017.
=300  \\$a1 online resource (214 pages) :$billustrations, text file, PDF
=336  \\$atext$2rdacontent
=337  \\$acomputer$2rdamedia
=338  \\$aonline resource$2rdacarrier
=490  1\$aRoutledge research on gender in Asia series ;$v14
=504  \\$aIncludes bibliographical references and index.
=505  0\$a1. The demographic cliff -- 2. Researching intimacy and reproduction -- 3. Unintended pregnancies -- 4. Intended pregnancies -- 5. Assisted pregnancies -- 6. Middle-class pregnancies.
=530  \\$aAlso available in print format.
=650  \0$aFamily planning$zJapan.
=650  \0$aInterpersonal relations$zJapan.
=650  \0$aIntimacy (Psychology)
=650  \0$aMiddle class$zJapan.
=650  \0$aPregnancy, Unwanted$zJapan.
=655  \7$aElectronic books.$2lcsh
=776  08$iPrint version: $z9781138640443(Hardback)$w 2016004658
=793  0\$aTaylor & Francis online monographs (UCSD)
=830  \0$aRoutledge research on gender in Asia series ;$v14.
=856 40$zTaylor & Francis. Restricted to UCSD IP addresses.$uhttps://www.taylorfrancis.com/books/9781317265351

