=LDR  01961cam a2200469Ii 4500
=001  TF9781315694900
=003  FlBoTFG
=005  20180331111825.0
=006  m\\\\\o\\d\\\\\\\\
=007  cr\\\\\\\\\\\\
=008  180331s2016\\\\enk\\\\\ob\\\\001\0\eng\d
=020  \\$a9781317440987 (e-book: PDF)$q(e-book : PDF)
=020  \\$z9781317440987$q(e-book: PDF)
=020  \\$z9781317440970$q(e-book: ePub)
=020  \\$z9781317440963$q(e-book: Mobi)
=020  \\$z9781138907768$q(hardback)
=020  \\$z9781138907775$q(paperback)
=020  \\$a9781315694900 (e-book)
=020  \\$a9781317440963 (e-book: Mobi)
=020  \\$a9781317440970 (e-book: ePub)
=020  \\$a9781138907768 (hardback)
=020  \\$a9781138907775 (paperback)
=024  7\$a10.4324/9781315694900 $2doi
=035  \\$a(OCoLC)946887562
=040  \\$aFlBoTFG$cFlBoTFG$erda$beng
=050  \4$aPN2058$b.S53 2016
=082  04$a792.028019$bS553
=100  1\$aSherman, Jon Foley,$d1972-,$eauthor.
=245  12$aA strange proximity :$bstage presence, failure, and the ethics of attention /$cJon Foley Sherman.
=264  \1$aLondon ;$aNew York :$bRoutledge,$c©2016.
=300  \\$a1 online resource (xiii, 186 pages) :$btext file, PDF
=336  \\$atext$2rdacontent
=337  \\$acomputer$2rdamedia
=338  \\$aonline resource$2rdacarrier
=504  \\$aIncludes bibliographical references (p. [162]-178) and index.
=505  0\$a1. May I have your attention -- 2. Mimicry and the urgency of differences -- 3. A unique phenomenon of distance -- 4. Disorienting -- 5. The ground of ethical failure.
=530  \\$aAlso available in print format.
=650  \0$aActing$xPsychological aspects.
=650  \0$aStage presence.
=655  \7$aElectronic books.$2lcsh
=776  08$iPrint version: $z9781138907768$q(Hardback)$w(DLC) 2015036214
=793  0\$aTaylor & Francis online monographs (UCSD)
=856 40$zTaylor & Francis. Restricted to UCSD IP addresses.$uhttps://www.taylorfrancis.com/books/9781317440987

