=LDR  02615cam a2200577Ii 4500
=001  TF9781315719979
=003  FlBoTFG
=005  20180331111825.0
=006  m\\\\\o\\d\\\\\\\\
=007  cr\\\\\\\\\\\\
=008  180331r20151966enkabf\\ob\\\\001\0\eng\d
=020  \\$a9781317517573 (e-book: PDF)$q(e-book : PDF)
=020  \\$z9781317517573$q(e-book: PDF)
=020  \\$z9781317517566$q(e-book: ePub)
=020  \\$z9781317517559$q(e-book: Mobi)
=020  \\$z9781138855229$q(hardback)
=020  \\$z9781138856004$q(paperback)
=020  \\$a9781315719979 (e-book)
=020  \\$a9781317517559 (e-book: Mobi)
=020  \\$a9781317517566 (e-book: ePub)
=020  \\$a9781138855229 (hardback)
=020  \\$a9781138856004 (paperback)
=024  7\$a10.4324/9781315719979 $2doi
=035  \\$a(OCoLC)958110103
=040  \\$aFlBoTFG$cFlBoTFG$erda$beng
=041  1\$aeng$hfre
=043  \\$ae-fr---
=050  \4$aHD644$b.B5613 2015
=082  04$a301.44430944$bB651
=100  1\$aBloch, Marc,$d1886-1944.,$eauthor.
=240  10$aCaracteres originaux de l'histoire rurale francaise.$lEnglish
=245  10$aFrench rural history :$ban essay on its basic characteristics /$cMarc Bloch ; foreward by Bryce Lyon ; translated by Janet Sondheimer.
=264  \1$aAbingdon, Oxon ;$aNew York :$bRoutledge,$c©2015.
=300  \\$a1 online resource (xxxiii, 258 pages) :$billustrations, text file, PDF
=336  \\$atext$2rdacontent
=337  \\$acomputer$2rdamedia
=338  \\$aonline resource$2rdacarrier
=490  1\$aRoutledge revivals
=500  \\$aFirst published in 1966 by Routledge & Kegan Paul Ltd.
=504  \\$aIncludes bibliographical references and index.
=505  0\$a1. The main stages in the occupation of the soil -- 2. Agrarian life -- 3. The Seigneurie down to the crisis of the fourteenth and fifteenth centuries -- 4. Changes affecting the Seigneurie and landed property from the later Middle Ages down to the French revolution -- 5. The social groupings -- 6. The beginnings of the agricultural revolution -- 7. Lines of continuity : past and present.
=530  \\$aAlso available in print format.
=546  \\$aTranslated from the French.
=650  \0$aFeudalism$zFrance.
=650  \0$aLand tenure$zFrance$xHistory.
=650  \0$aPeasants$zFrance$xHistory.
=651  \0$aFrance$xRural conditions.
=655  \7$aElectronic books.$2lcsh
=776  08$iPrint version: $z9781138855229$q(Hardback)
=793  0\$aTaylor & Francis online monographs (UCSD)
=830  \0$aRoutledge revivals.
=856 40$zTaylor & Francis. Restricted to UCSD IP addresses.$uhttps://www.taylorfrancis.com/books/9781317517573

