=LDR  02251cam a2200505Ii 4500
=001  TF9780203168813
=003  FlBoTFG
=005  20180331102139.0
=006  m\\\\\o\\d\\\\\\\\
=007  cr\\\\\\\\\\\\
=008  180331s1991\\\\enka\\\\ob\\\\001\0\eng\d
=020  \\$a9780203168813 (e-book : PDF)
=020  \\$a9781134997619 (e-book: PDF)
=020  \\$a9781134997565 (e-book: Mobi)
=020  \\$a9781134997602 (e-book: ePub)
=020  \\$a9781138459120 (hardback)
=020  \\$a9780044460152 (paperback)
=024  7\$a10.4324/9780203168813 $2doi
=035  \\$a(OCoLC)54351096
=040  \\$aFlBoTFG$cFlBoTFG$erda
=090  \\$aHX73$b.N67 1991
=092  \\$a338.90091717$bN937
=100  1\$aNove, Alec.,$eauthor.
=245  14$aThe economics of feasible socialism revisited /$cAlec Nove.
=250  \\$aSecond edition.
=264  \1$aLondon ;$a[New York, N.Y.] :$bHarperCollins Academic,$c1991.
=300  \\$a1 online resource (xv, 272 pages) :$billustrations, text file, PDF
=336  \\$atext$2rdacontent
=337  \\$acomputer$2rdamedia
=338  \\$aonline resource$2rdacarrier
=500  \\$aRev. ed. of: The economics of feasible socialism. 1983.
=504  \\$aIncludes bibliographical references and index.
=505  0\$achapter Introduction: Socialism—Why? -- chapter Part 1 The Legacy of Marx -- chapter Part 2 Socialism and the Sovient Experience -- chapter Part 3 Reform Models and Experiences -- chapter Part 4 Transition -- chapter Part 5 Feasible Socialism?.
=506  \\$aLicense restrictions may limit access.
=506  \\$aSubscription required for access to full text.
=530  \\$aAlso available in print format.
=533  \\$aElectronic reproduction.$b[London, Eng. :$bTaylor and Francis,$d2010].$nPDF file created from digital scan of print book.
=650  \0$aSocialism.
=650  \0$aSocialism$xHistory$y20th century.
=650  \0$aMarxian economics.
=650  \0$aEconomic history$y20th century.
=655  \7$aElectronic books.$2lcsh
=700  1\$aNove, Alec.$tEconomics of feasible socialism.
=776  08$iPrint version: $z9781138459120$q(Hardback)
=793  0\$aTaylor & Francis online monographs (UCSD)
=856 40$zTaylor & Francis. Restricted to UCSD IP addresses.$uhttps://www.taylorfrancis.com/books/9781134997619

