=LDR  02292cam a2200493Ii 4500
=001  TF9781315720012
=003  FlBoTFG
=005  20180331111825.0
=006  m\\\\\o\\d\\\\\\\\
=007  cr\\\\\\\\\\\\
=008  180331s2017\\\\enka\\\\ob\\\\001\0\eng\d
=020  \\$a9781317517696 (e-book: PDF)$q(e-book : PDF)
=020  \\$z9781317517696$q(e-book: PDF)
=020  \\$z9781317517672$q(e-book: Mobi)
=020  \\$z9781138855953$q(hardback)
=020  \\$z9781138855960$q(paperback)
=020  \\$a9781315720012 (e-book)
=020  \\$a9781317517672 (e-book: Mobi)
=020  \\$a9781138855953 (hardback)
=020  \\$a9781138855960 (paperback)
=024  7\$a10.4324/9781315720012 $2doi
=035  \\$a(OCoLC)967741003
=040  \\$aFlBoTFG$cFlBoTFG$erda$beng
=050  \4$aBF724$b.C69 2017
=082  04$a155.5$bC947
=100  1\$aCrone, Eveline.,$eauthor.
=245  14$aThe adolescent brain :$bchanges in learning, decision-making and social relations /$cEveline A. Crone.
=264  \1$aLondon ;$aNew York :$bRoutledge,$c©2017.
=300  \\$a1 online resource (149 pages) :$billustrations, text file, PDF
=336  \\$atext$2rdacontent
=337  \\$acomputer$2rdamedia
=338  \\$aonline resource$2rdacarrier
=490  1\$aEssays in developmental psychology
=500  \\$a"A Psychology Press book."
=504  \\$aIncludes bibliographical references and index.
=505  0\$a1. Introduction : imaging the adolescent brain -- 2. The learning brain : executive functions -- 3. Complex decisions and risky choices -- 4. You're not angry, are you? The importance of recognizing facial emotions -- 5. Do I fit in or not? Acceptance and rejection -- 6. It's all about me : self-concept -- 7. What will other people think? Perspective taking -- 8. What should I do without friends? Friendships and relationships.
=530  \\$aAlso available in print format.
=650  \0$aAdolescence.
=650  \0$aAdolescent psychology.
=650  \0$aDevelopmental psychology.
=655  \7$aElectronic books.$2lcsh
=776  08$iPrint version: $z9781138855953$q(Hardback)$w(DLC) 2016028559
=793  0\$aTaylor & Francis online monographs (UCSD)
=830  \0$aEssays in developmental psychology.
=856 40$zTaylor & Francis. Restricted to UCSD IP addresses.$uhttps://www.taylorfrancis.com/books/9781317517696

