=LDR  01922cam a2200469Ii 4500
=001  TF9781315585680
=003  FlBoTFG
=005  20180331102445.0
=006  m\\\\\o\\d\\\\\\\\
=007  cr\\\\\\\\\\\\
=008  180331s2017\\\\enkabcd\ob\\\\001\0\eng\d
=020  \\$a9781317125297 (e-book: PDF)$q(e-book : PDF)
=020  \\$z9781317125297$q(e-book: PDF)
=020  \\$z9781317125273$q(e-book: Mobi)
=020  \\$z9781472430700$q(hardback)
=020  \\$z9780415786324$q(paperback)
=020  \\$a9781315585680 (e-book)
=020  \\$a9781317125273 (e-book: Mobi)
=020  \\$a9781472430700 (hardback)
=020  \\$a9780415786324 (paperback)
=024  7\$a10.4324/9781315585680 $2doi
=035  \\$a(OCoLC)968243744
=040  \\$aFlBoTFG$cFlBoTFG$erda$beng
=050  \4$aQA76.9.I52$bI534 2017
=082  04$a001.4226$bI435
=130  0\$aInformation design (Routledge)
=245  10$aInformation design :$bresearch and practice /$cedited by Alison Black ... [et al.] ; foreword by Erik Spiekermann.
=264  \1$aAbingdon, Oxon ;$aNew York, N.Y. :$bRoutledge,$c©2017.
=300  \\$a1 online resource :$billustrations, text file, PDF
=336  \\$atext$2rdacontent
=337  \\$acomputer$2rdamedia
=338  \\$aonline resource$2rdacarrier
=500  \\$a"A Gower book"--cover.
=504  \\$aIncludes bibliographical references and index.
=505  0\$apt. 1. Historical perspectives -- pt. 2. Theoretical approaches -- pt. 3. Cognitive principles -- pt. 4. Practical applications.
=530  \\$aAlso available in print format.
=538  \\$aMode of access: World Wide Web.
=650  \0$aInformation visualization.
=655  \7$aElectronic books.$2lcsh
=700  1\$aBlack, Alison,$d1955-
=776  08$iPrint version: $z9781472430700(Hardback)$w 2016033809
=793  0\$aTaylor & Francis online monographs (UCSD)
=856 40$zTaylor & Francis. Restricted to UCSD IP addresses.$uhttps://www.taylorfrancis.com/books/9781317125297

