=LDR  02307cam a2200553Ii 4500
=001  TF9781315657356
=003  FlBoTFG
=005  20180331111825.0
=006  m\\\\\o\\d\\\\\\\\
=007  cr\\\\\\\\\\\\
=008  180331s2016\\\\enka\\\\ob\\\\001\0\eng\d
=020  \\$a9781317327806 (e-book: PDF)$q(e-book : PDF)
=020  \\$z9781317327806$q(e-book: PDF)
=020  \\$z9781317327790$q(e-book: ePub)
=020  \\$z9781317327783$q(e-book: Mobi)
=020  \\$z9781138100879$q(hardback)
=020  \\$z9781138477285$q(paperback)
=020  \\$a9781315657356 (e-book)
=020  \\$a9781317327783 (e-book: Mobi)
=020  \\$a9781317327790 (e-book: ePub)
=020  \\$a9781138100879 (hardback)
=020  \\$a9781138477285 (paperback)
=024  7\$a10.4324/9781315657356 $2doi
=035  \\$a(OCoLC)951101460
=040  \\$aFlBoTFG$cFlBoTFG$erda$beng
=043  \\$aa-io---
=050  \4$aBL640$b.R335 2016
=082  04$a322.44209598$bR382
=245  00$aReligion, law, and intolerance in Indonesia /$cedited by Tim Lindsey and Helen Pausacker.
=264  \1$aLondon ;$aNew York :$bRoutledge,$c©2016.
=300  \\$a1 online resource (xxxiv, 395 pages) :$billustrations, text file, PDF
=336  \\$atext$2rdacontent
=337  \\$acomputer$2rdamedia
=338  \\$aonline resource$2rdacarrier
=490  1\$aRoutledge law in Asia ;$v15
=504  \\$aIncludes bibliographical references and index.
=505  0\$apt. 1. State regulation and religious freedom -- pt. 2. The politics of religious intolerance -- pt. 3. Civil society, pluralism and intolerance -- pt. 4. Violence and state responses -- pt. 5. Discrimination and vulnerable groups -- pt. 6. Conclusion.
=530  \\$aAlso available in print format.
=650  \0$aFreedom of religion$zIndonesia.
=650  \0$aIslam$xRelations.
=650  \0$aReligion and politics$zIndonesia.
=650  \0$aReligious tolerance$zIndonesia.
=651  \0$aIndonesia$xReligion.
=655  \7$aElectronic books.$2lcsh
=700  1\$aLindsey, Timothy,$d1962-
=700  1\$aPausacker, Helen.
=776  08$iPrint version: $z9781138100879(Hardback)$w 2015047042
=793  0\$aTaylor & Francis online monographs (UCSD)
=830  \0$aRoutledge law in Asia ;$v15.
=856 40$zTaylor & Francis. Restricted to UCSD IP addresses.$uhttps://www.taylorfrancis.com/books/9781317327806

