=LDR  02023cam a2200505Ii 4500
=001  TF9781315756387
=003  FlBoTFG
=005  20180331111825.0
=006  m\\\\\o\\d\\\\\\\\
=007  cr\\\\\\\\\\\\
=008  180331s2017\\\\enka\\\\ob\\\\001\0\eng\d
=020  \\$a9781317630012 (e-book: PDF)$q(e-book : PDF)
=020  \\$z9781317630012$q(e-book: PDF)
=020  \\$z9781317630005$q(e-book: ePub)
=020  \\$z9781317629993$q(e-book: Mobi)
=020  \\$z9781138798809$q(hardback)
=020  \\$a9781315756387 (e-book)
=020  \\$a9781317629993 (e-book: Mobi)
=020  \\$a9781317630005 (e-book: ePub)
=020  \\$a9781138798809 (hardback)
=024  7\$a10.4324/9781315756387 $2doi
=035  \\$a(OCoLC)954617601
=040  \\$aFlBoTFG$cFlBoTFG$erda$beng
=043  \\$aa-cc---
=050  \4$aPL1074.75$bJ54 2017
=082  04$a306.442951$bJ611
=100  1\$aJie, Dong,$d1975-,$eauthor.
=245  14$aThe sociolinguistics of voice in globalising China /$cDong Jie.
=264  \1$aLondon :$bRoutledge,$c©2017.
=300  \\$a1 online resource (x, 159 pages) :$billustrations, text file, PDF
=336  \\$atext$2rdacontent
=337  \\$acomputer$2rdamedia
=338  \\$aonline resource$2rdacarrier
=490  1\$aRoutledge studies in sociolinguistics ;$v10
=504  \\$aIncludes bibliographical references and index.
=505  0\$apt. I. Voice -- pt. II. Stratification of voice and the stabilising conditions of voice -- pt. III. Restratification of voice.
=530  \\$aAlso available in print format.
=650  \0$aChinese language$xGlobalization.
=650  \0$aChinese language$xSocial aspects.
=650  \0$aGlobalization$zChina.
=650  \0$aSociolinguistics$zChina.
=655  \7$aElectronic books.$2lcsh
=776  08$iPrint version: $z9781138798809$q(Hardback)$w(DLC) 2015048681
=793  0\$aTaylor & Francis online monographs (UCSD)
=830  \0$aRoutledge studies in sociolinguistics ;$v10.
=856 40$zTaylor & Francis. Restricted to UCSD IP addresses.$uhttps://www.taylorfrancis.com/books/9781317630012

