=LDR  02032cam a2200493Ii 4500
=001  TF9781315585765
=003  FlBoTFG
=005  20180330125217.0
=006  m\\\\\o\\d\\\\\\\\
=007  cr\\\\\\\\\\\\
=008  180331s2017\\\\nyuad\\\ob\\\\001\0\eng\d
=020  \\$a9781317125051 (e-book: PDF)$q(e-book : PDF)
=020  \\$z9781317125051$q(e-book: PDF)
=020  \\$z9781317125037$q(e-book: Mobi)
=020  \\$z9781472473332$q(hardback)
=020  \\$z9781138600904$q(paperback)
=020  \\$a9781315585765 (e-book)
=020  \\$a9781317125037 (e-book: Mobi)
=020  \\$a9781472473332 (hardback)
=020  \\$a9781138600904 (paperback)
=024  7\$a10.4324/9781315585765 $2doi
=035  \\$a(OCoLC)965826210
=040  \\$aFlBoTFG$cFlBoTFG$erda$beng
=050  \4$aGT3912$b.G727 2017
=082  04$a751.73$bG736
=245  00$aGraffiti and street art :$breading, writing and representing the city /$cedited by Konstantinos Avramidis and Myrto Tsilimpounidi.
=264  \1$aNew York :$bRoutledge,$c©2017.
=300  \\$a1 online resource (xv, 281 pages) :$billustrations, text file, PDF
=336  \\$atext$btxt$2rdacontent
=337  \\$acomputer$bc$2rdamedia
=338  \\$aonline resource$bcr$2rdacarrier
=504  \\$aIncludes bibliographical references and index.
=505  0\$apt. 1. Reading graffiti, street art and the city -- pt. 2. Writing graffiti, street art and the city -- pt. 3. Representing graffiti, street art and the city.
=530  \\$aAlso available in print format.
=650  \0$aGraffiti$xPolitical aspects.
=650  \0$aGraffiti$xSocial aspects.
=650  \0$aSociology, Urban.
=650  \0$aStreet art$xPolitical aspects.
=650  \0$aStreet art$xSocial aspects.
=655  \7$aElectronic books.$2lcsh
=700  1\$aAvramidis, Konstantinos.
=700  1\$aTsilimpounidi, Myrto.
=776  08$iPrint version: $z9781472473332$q(Hardback)
=793  0\$aTaylor & Francis online monographs (UCSD)
=856 40$zTaylor & Francis. Restricted to UCSD IP addresses.$uhttps://www.taylorfrancis.com/books/9781317125051

