=LDR  03217cam a2200469Ii 4500
=001  TF9781315739724
=003  FlBoTFG
=005  20180331111825.0
=006  m\\\\\o\\d\\\\\\\\
=007  cr\\\\\\\\\\\\
=008  180331s2016\\\\nyu\\\\\ob\\\\001\0\eng\d
=020  \\$a9781317577850 (e-book: PDF)$q(e-book : PDF)
=020  \\$z9781317577850$q(e-book: PDF)
=020  \\$z9781317577843$q(e-book: ePub)
=020  \\$z9781317577836$q(e-book: Mobi)
=020  \\$z9781138825802$q(hardback)
=020  \\$a9781315739724 (e-book)
=020  \\$a9781317577836 (e-book: Mobi)
=020  \\$a9781317577843 (e-book: ePub)
=020  \\$a9781138825802 (hardback)
=020  \\$a9781138316959 (paperback)
=024  7\$a10.4324/9781315739724 $2doi
=035  \\$a(OCoLC)958109835
=040  \\$aFlBoTFG$cFlBoTFG$erda$beng
=050  \4$aHF5549.5.E43$bW666 2016
=082  04$a650$bW926
=245  00$aWorkplace abuse, incivility and bullying :$bmethodological and cultural perspectives /$cedited by Maryam Omari and Megan Paull.
=250  \\$aFirst edition.
=264  \1$aNew York :$bRoutledge,$c©2016.
=300  \\$a1 online resource (xi, 219 pages) :$btext file, PDF
=336  \\$atext$2rdacontent
=337  \\$acomputer$2rdamedia
=338  \\$aonline resource$2rdacarrier
=504  \\$aIncludes bibliographical references and index.
=505  0\$a1. Setting the scene : workplace abuse, incivility and bullying : methodological and cultural perspectives / Maryam Omari and Megan Paull -- 2. Paradigmatic and methodological approaches / Al-Karim Samnani -- 3. Floorcraft : researching subjective phenomena / Megan Paull and Antonia Girardi -- 4. In the eye of the beholder : ethnic culture as a lens / Maryam Omari and Manish Sharma -- 5. India : a paradoxical context for workplace bullying / Premilla D'Cruz -- 6. Turkey : east of West, west of East / Burcu Guneri-Cangarli -- 7. Greece : incivility, bullying and forcing in the land of bullying gods and lesser mortals / Nikos Bozionelos -- 8. Poland : one nation, one religion : tradition and change / Irena Pilch and Elzbieta Turska -- 9. The Czech Republic : workplace abuse in a post-transitional country / Katerina Zabrodska and Petr Kveton -- 10. Merlion : the influence of Singapore's cosmopolitan culture on workplace incivility / Jennifer (M.I.) Loh -- 11. Israel : a land of contrasts : the contribution of attachment orientation, gender and ethical climate in the workplace to abusive supervision / Efrat Salton Meyer and Mario Mikulincer -- 12. Workplace bullying in New Zealand : "she'll be right?" / Bevan Catley ... [et al.] -- 13. Australia : the "fair go" multicultural continent nation / Megan Paull and Maryam Omari -- 14. Workplace abuse, incivility and bullying : the challenge of translational research / Megan Paull and Maryam Omari.
=530  \\$aAlso available in print format.
=650  \0$aBullying in the workplace.
=655  \7$aElectronic books.$2lcsh
=700  1\$aOmari, Maryam.
=700  1\$aPaull, Megan.
=776  08$iPrint version: $z9781138825802$q(Hardback)$w(DLC) 2015019522
=793  0\$aTaylor & Francis online monographs (UCSD)
=856 40$zTaylor & Francis. Restricted to UCSD IP addresses.$uhttps://www.taylorfrancis.com/books/9781317577850

