=LDR  02382cam a2200517Ii 4500
=001  TF9781135073893
=003  FlBoTFG
=005  20180331111825.0
=006  m\\\\\o\\d\\\\\\\\
=007  cr\\\\\\\\\\\\
=008  180331s2016\\\\nyu\\\\\ob\\\\001\0\eng\d
=020  \\$a9781135073893$q(e-book: PDF)
=020  \\$z9780203699638$q(e-book : PDF)
=020  \\$z9780415857048$q(hardback)
=020  \\$z9780415857055$q(paperback)
=020  \\$z9781135073961$q(e-book: ePub)
=020  \\$z9781135074036$q(e-book: Mobi)
=020  \\$a9780203699638 (e-book)
=020  \\$a9781135074036 (e-book: Mobi)
=020  \\$a9781135073961 (e-book: ePub)
=020  \\$a9780415857048 (hardback)
=020  \\$a9780415857055 (paperback)
=024  7\$a10.4324/9780203699638 $2doi
=035  \\$a(OCoLC)940500994
=040  \\$aFlBoTFG$cFlBoTFG$erda$beng
=050  \4$aBF724.3.L66$bM35 2016
=082  04$a155.930835$bM257
=100  1\$aMalone, Pamela A.,$eauthor.
=245  10$aCounseling adolescents through loss, grief, and trauma /$cPamela A. Malone.
=264  \1$aNew York :$bRoutledge,$c©2016.
=300  \\$a1 online resource (xvi, 167 pages) :$btext file, PDF
=336  \\$atext$2rdacontent
=337  \\$acomputer$2rdamedia
=338  \\$aonline resource$2rdacarrier
=504  \\$aIncludes bibliographical references and index.
=505  0\$ach. 1. Adolescent development -- ch. 2. The nature of adolescent loss, grief, and trauma responses -- ch. 3. Non-death loss in the lives of adolescents -- ch. 4. The death of loved ones and others -- ch. 5. Gender differences -- ch. 6. What grieving adolescents need -- ch. 7. The use and impact of technology and social media -- ch. 8. Group therapy : an ideal modality -- ch. 9. The adolescent grief and loss (AGL) group -- ch. 10. Therapeutic activities for working with adolescents.
=530  \\$aAlso available in print format.
=650  \0$aAdolescent psychotherapy.
=650  \0$aGrief in adolescence.
=650  \0$aGrief therapy.
=650  \0$aLoss (Psychology) in adolescence.
=650  \0$aPsychic trauma in adolescence.
=650  \0$aTeenagers$xCounseling of.
=655  \7$aElectronic books.$2lcsh
=776  08$iPrint version: $z9780415857048(Hardback)$w(DLC) 2015037833
=793  0\$aTaylor & Francis online monographs (UCSD)
=856 40$zTaylor & Francis. Restricted to UCSD IP addresses.$uhttps://www.taylorfrancis.com/books/9781135073893

