=LDR  02124cam a2200493Ii 4500
=001  TF9781315651941
=003  FlBoTFG
=005  20180331111825.0
=006  m\\\\\o\\d\\\\\\\\
=007  cr\\\\\\\\\\\\
=008  180331s2016\\\\nyuad\\\ob\\\\001\0\eng\d
=020  \\$a9781317311560 (e-book: PDF)$q(e-book : PDF)
=020  \\$z9781317311560$q(e-book: PDF)
=020  \\$z9781317311553$q(e-book: ePub)
=020  \\$z9781317311546$q(e-book: Mobi)
=020  \\$z9781138120068$q(hardback)
=020  \\$z9781138120075$q(paperback)
=020  \\$a9781315651941 (e-book)
=020  \\$a9781317311546 (e-book: Mobi)
=020  \\$a9781317311553 (e-book: ePub)
=020  \\$a9781138120068 (hardback)
=020  \\$a9781138120075 (paperback)
=024  7\$a10.4324/9781315651941 $2doi
=035  \\$a(OCoLC)1000430120
=040  \\$aFlBoTFG$cFlBoTFG$erda$beng
=050  \4$aBF39$b.H83 2016
=082  04$a150.727$bH882
=100  1\$aHuck, Schuyler W.,$eauthor.
=245  10$aStatistical misconceptions /$cSchuyler W. Huck.
=250  \\$aClassic edition.
=264  \1$aLondon ;$aNew York :$bRoutledge,$c©2016.
=300  \\$a1 online resource (xxxii, 288 pages) :$billustrations, text file, PDF
=336  \\$atext$2rdacontent
=337  \\$acomputer$2rdamedia
=338  \\$aonline resource$2rdacarrier
=490  0\$aPsychology Press and Routledge classic editions
=504  \\$aIncludes bibliographical references and index.
=505  0\$a1. Descriptive statists -- 2. Distributional shape -- 3. Bivariate correlation -- 4. Reliability and validity -- 5. Probability -- 6. Sampling -- 7. Estimation -- 8. Hypothesis testing -- 9. t-Tests involving one or two means -- 10. ANOVA and ANCOVA -- 11. Practical significance, power, and effect size -- 12. Regression.
=530  \\$aAlso available in print format.
=650  \0$aPsychometrics.
=650  \0$aStatistics.
=655  \7$aElectronic books.$2lcsh
=776  08$iPrint version: $z9781138120068(Hardback)$w 2015025799
=793  0\$aTaylor & Francis online monographs (UCSD)
=856 40$zTaylor & Francis. Restricted to UCSD IP addresses.$uhttps://www.taylorfrancis.com/books/9781317311560

