=LDR  02685cam a2200517Ii 4500
=001  TF9781315647968
=003  FlBoTFG
=005  20180331111825.0
=006  m\\\\\o\\d\\\\\\\\
=007  cr\\\\\\\\\\\\
=008  180331s2017\\\\nyua\\\\ob\\\\001\0\eng\d
=020  \\$a9781317299592 (e-book: PDF)$q(e-book : PDF)
=020  \\$z9781317299592$q(e-book: PDF)
=020  \\$z9781317299578$q(e-book: Mobi)
=020  \\$z9781138124769$q(hardback)
=020  \\$a9781315647968 (e-book)
=020  \\$a9781317299578 (e-book: Mobi)
=020  \\$a9781138124769 (hardback)
=024  7\$a10.4324/9781315647968 $2doi
=035  \\$a(OCoLC)962812604
=040  \\$aFlBoTFG$cFlBoTFG$erda$beng
=050  \4$aD804.3$b.H65 2017
=082  04$a940.5318$bH754
=245  04$aThe Holocaust in the twenty-first century :$bcontesting/contested memories /$cedited by David M. Seymour and Mercedes Camino.
=250  \\$aFirst edition.
=264  \1$aNew York :$bRoutledge,$c©2017.
=300  \\$a1 online resource (x, 299 pages) :$billustrations, text file, PDF
=336  \\$atext$2rdacontent
=337  \\$acomputer$2rdamedia
=338  \\$aonline resource$2rdacarrier
=490  1\$aRoutledge studies in cultural history ;$v40
=504  \\$aIncludes bibliographical references and index.
=505  0\$apt. I. Holocaust memory, globalisation and antisemitism -- pt. II. Monuments and sites of memory -- pt. III. Media and education -- pt. IV. Personal, familial and collective remembrance.
=520  \\$a"This volume locates and explores historical and contemporary sites of contested meanings of Holocaust memory across a range of geographical, geo-political, and disciplinary contexts, identifying and critically engaging with the nature and expression of these meanings within their relevant contexts, elucidating the political, social, and cultural underpinnings and consequences of these meanings, and offering interventions in the contemporary debates of Holocaust memory that suggest ways forward for the future"--$cProvided by publisher.
=530  \\$aAlso available in print format.
=650  \0$aCollective memory.
=650  \0$aHolocaust, Jewish (1939-1945)$xHistoriography.
=650  \0$aHolocaust, Jewish (1939-1945)$xInfluence.
=650  \0$aMemorialization.
=650  \0$aMemory$xSocial aspects.
=655  \7$aElectronic books.$2lcsh
=700  1\$aCamino, Mercedes.
=700  1\$aSeymour, David M.
=776  08$iPrint version: $z9781138124769(Hardback)$w 2016028167
=793  0\$aTaylor & Francis online monographs (UCSD)
=830  \0$aRoutledge studies in cultural history ;$v40.
=856 40$zTaylor & Francis. Restricted to UCSD IP addresses.$uhttps://www.taylorfrancis.com/books/9781317299592

