=LDR  03471cam a2200565Ii 4500
=001  TF9781315617954
=003  FlBoTFG
=005  20180331102445.0
=006  m\\\\\o\\d\\\\\\\\
=007  cr\\\\\\\\\\\\
=008  180331s2017\\\\enka\\\\ob\\\\001\0\eng\d
=020  \\$a9781317209508 (e-book: PDF)$q(e-book : PDF)
=020  \\$z9781317209508$q(e-book: PDF)
=020  \\$z9781317209485$q(e-book: Mobi)
=020  \\$z9781138669864$q(hardback)
=020  \\$z9781138481985$q(paperback)
=020  \\$a9781315617954 (e-book)
=020  \\$a9781317209485 (e-book: Mobi)
=020  \\$a9781138669864 (hardback)
=020  \\$a9781138481985 (paperback)
=024  7\$a10.4324/9781315617954 $2doi
=035  \\$a(OCoLC)957465199
=040  \\$aFlBoTFG$cFlBoTFG$erda$beng
=041  1\$aeng$hchi
=043  \\$aa-cc---
=050  \4$aHC427.95$b.Z4679 2017
=082  04$a330.951$bZ638
=100  1\$aZhou, Xiaochuan,$d1948-,$eauthor.
=240  10$aEssays.$kSelections.$lEnglish
=245  10$aChinese economists on economic reform.$pCollected works of Zhou Xiaochuan /$cZhou Xiaochuan ; edited by China Development Research Foundation.
=246  30$aCollected works of Zhou Xiaochuan
=250  \\$aFirst edition.
=264  \1$aLondon :$bRoutledge,$c©2017.
=300  \\$a1 online resource (iii, 219  pages) :$billustrations, text file, PDF
=336  \\$atext$2rdacontent
=337  \\$acomputer$2rdamedia
=338  \\$aonline resource$2rdacarrier
=490  1\$aRoutledge studies on the Chinese economy. Chinese economists on economic reform ;$v9
=504  \\$aIncludes bibliographical references and index.
=505  0\$a1. Reform of central planning : orientation, methods, and limits (1991) -- 2. An economic analysis of housing reform (1991) -- 3. Moving toward an open economy (1992) -- 4. Fiscal and tax reform, and an overall economic analysis (1992) -- 5. Different paths toward achieving economic structural reform (1993) -- 6. The role of liberalized foreign trade in creating a more reasonable pricing system (November 1993) -- 7. Social security : economic analysis and systems engineering (1994) -- 8. Microeconomic concepts within the field of economics (March 1999) -- 9. Resolving to deal with the nonperforming loans of banks, and some pitfalls along the way (July 23, 1999) -- 10. Elevating our accounting standards (April 11, 2001) -- 11. Capital adequacy ratios and the need to take corrective action in time (September 12, 2003) -- 12. Several issues to do with reform of state-owned banks (April 16, 2004) -- 13. Promoting further development of capital markets by improving corporate governance (December 1, 2004) -- 14. Improving legal systems and reforming China's "financial ecosystem" (December 2, 2004) -- 15. China's corporate bond markets : experiences and lessons learned (October 20, 2005).
=530  \\$aAlso available in print edition.
=538  \\$aMode of access: World Wide Web.
=650  \0$aEconomic development$zChina.
=651  \0$aChina$xEconomic conditions$y2000-
=651  \0$aChina$xEconomic policy$y2000-
=655  \7$aElectronic books.$2lcsh
=710  2\$aZhongguo fa zhan yan jiu ji jin hui.
=776  08$iPrint version: $z9781138669864(Hardback)$w 2016011587
=793  0\$aTaylor & Francis online monographs (UCSD)
=830  \0$aRoutledge studies on the Chinese economy.$pChinese economists on economic reform ;$v9.
=856 40$zTaylor & Francis. Restricted to UCSD IP addresses.$uhttps://www.taylorfrancis.com/books/9781317209508

