=LDR  02338cam a2200457Ii 4500
=001  TF9781315508337
=003  FlBoTFG
=005  20180331102445.0
=006  m\\\\\o\\d\\\\\\\\
=007  cr\\\\\\\\\\\\
=008  180331r20162014enka\\\\ob\\\\001\0\eng\d
=020  \\$a9781315508320 (e-book: PDF)$q(e-book : PDF)
=020  \\$z9781315508320$q(e-book: PDF)
=020  \\$z9781315508313$q(e-book: ePub)
=020  \\$z9781315508306$q(e-book: Mobi)
=020  \\$z9780205846894$q(paperback)
=020  \\$a9781315508337 (e-book)
=020  \\$a9781315508306 (e-book: Mobi)
=020  \\$a9781315508313 (e-book: ePub)
=020  \\$a9780205846894 (paperback)
=024  7\$a10.4324/9781315508337 $2doi
=035  \\$a(OCoLC)962355875
=040  \\$aFlBoTFG$beng$erda$cFlBoTFG
=050  \4$aD804.3$b.B68 2016
=082  04$a940.5318$bB751
=100  1\$aBotwinick, Rita S.,$eauthor.
=245  12$aA history of the Holocaust :$bfrom ideology to annihilation /$cRita Steinhardt Botwinick, Fellow at the Center for Judaic Studies at the University of Miami, Florida.
=250  \\$aFifth edition.
=264  \1$aLondon :$bRoutledge,$c©2016.
=300  \\$a1 online resource :$btext file, PDF
=336  \\$atext$2rdacontent
=337  \\$acomputer$2rdamedia
=338  \\$aonline resource$2rdacarrier
=500  \\$aFirst published 2014, 2010, 2004 by Pearson Education, Inc.
=504  \\$aIncludes bibliographical references (pages 248-252) and index.
=505  0\$aChapter 1. The nature and roots of anti-Semitism -- Chapter 2. The world that was annihilated -- Chapter 3. The Nazis' rise to power -- Chapter 4. Masters of the Third Reich -- Chapter 5. Germany under the Nazis -- Chapter 6. History of German Jews up to 1939 -- Chapter 7. Hitler's war -- Chapter 8. From ideology to isolation -- Chapter 9. Annihilation : theory and practice -- Chapter 10. The industry of death -- Chapter 11. Resistance against all odds -- Chapter 12. Rescue : little and late -- Chapter 13. After the deluge.
=530  \\$aAlso available in print format.
=650  \0$aHolocaust, Jewish (1939-1945)
=655  \7$aElectronic books.$2lcsh
=776  08$iPrint version: $z9780205846894(Paperback)$w 2013006244
=793  0\$aTaylor & Francis online monographs (UCSD)
=856 40$zTaylor & Francis. Restricted to UCSD IP addresses.$uhttps://www.taylorfrancis.com/books/9781315508320

