=LDR  03299cam a2200565Ii 4500
=001  TF9781315553092
=003  FlBoTFG
=005  20180331102445.0
=006  m\\\\\o\\d\\\\\\\\
=007  cr\\\\\\\\\\\\
=008  180331s2017\\\\enkabcf\ob\\\\001\0\eng\d
=020  \\$a9781317016601 (e-book: PDF)$q(e-book : PDF)
=020  \\$z9781317016601$q(e-book: PDF)
=020  \\$z9781317016588$q(e-book: Mobi)
=020  \\$z9781472479655$q(hardback)
=020  \\$a9781315553092 (e-book)
=020  \\$a9781317016588 (e-book: Mobi)
=020  \\$a9781472479655 (hardback)
=024  7\$a10.4324/9781315553092 $2doi
=035  \\$a(OCoLC)964359599
=040  \\$aFlBoTFG$cFlBoTFG$erda$beng
=043  \\$ae-uk---$an-us---
=050  \4$aPR468.S42$bS43 2017
=082  04$a820.932162$bS438
=245  04$aThe sea and nineteenth-century Anglophone literary culture /$cedited by Steve Mentz and Martha Elena Rojas.
=264  \1$aLondon ;$aNew York :$bRoutledge,$c©2017.
=300  \\$a1 online resource :$billustrations, text file, PDF
=336  \\$atext$2rdacontent
=337  \\$acomputer$2rdamedia
=338  \\$aonline resource$2rdacarrier
=490  1\$aAshgate series in nineteenth-century transatlantic studies
=500  \\$a"With one exception, the essays first originated in a three-day conference held in 2011 at the John Carter Brown Library entitled, The Hungry Ocean: Literature and the Maritime Environment"--Introduction.
=504  \\$aIncludes bibliographical references and index.
=505  0\$a1. William Falconer and the Empire of the deep / Siobhan Carroll -- 2. Scientists writing and knowing the ocean / Helen M. Rozwadowski -- 3. Charles Francis Hall's Arctic researchers / Hester Blum -- 4. Keeping up with the Morrells : sailors and the construction of American identity in antebellum sea narratives / Amy Parsons -- 5. "The perils of crossings" : nineteenth-century navigations of City and sea / Sophie Gilmartin -- 6. Seeing through water : the paintings of Zach Pritchard / Margaret Cohen -- 7. Pacific Ocean flowers : Colonial seaweed albums / Molly Duggins -- 8. The sea as green fields : calenture and Wordsworth's Rural ocean / Frank Mabee -- 9. Melville's "Brit": an etymological and ecocritical chomp into Moby-Dick / Richard J. King -- 10. The ocean as quasi-object, or, Ecocriticism and the doll from the deep / Patricia Yaeger.
=530  \\$aAlso available in print format.
=538  \\$aMode of access: World Wide Web.
=650  \0$aAmerican literature$y19th century$xHistory and criticism.
=650  \0$aEnglish literature$y19th century$xHistory and criticism.
=650  \0$aNational characteristics, American, in literature.
=650  \0$aNational characteristics, English, in literature.
=650  \0$aNavigation in literature.
=650  \0$aOcean travel in literature.
=650  \0$aSea in literature.
=650  \0$aSeafaring life in literature.
=655  \7$aElectronic books.$2lcsh
=700  1\$aMentz, Steve.
=700  1\$aRojas, Martha Elena,$d1971-
=776  08$iPrint version: $z9781472479655(Hardback)$w 2016026059
=793  0\$aTaylor & Francis online monographs (UCSD)
=830  \0$aAshgate series in nineteenth-century transatlantic studies.
=856 40$zTaylor & Francis. Restricted to UCSD IP addresses.$uhttps://www.taylorfrancis.com/books/9781317016601

