=LDR  01985cam a2200469Ii 4500
=001  TF9781315676326
=003  FlBoTFG
=005  20180331111825.0
=006  m\\\\\o\\d\\\\\\\\
=007  cr\\\\\\\\\\\\
=008  180331s2017\\\\nyu\\\\\ob\\\\001\0\eng\d
=020  \\$a9781317384830 (e-book: PDF)$q(e-book : PDF)
=020  \\$z9781317384830$q(e-book: PDF)
=020  \\$z9781317384816$q(e-book: Mobi)
=020  \\$z9781138930834$q(hardback)
=020  \\$z9781138930841$q(paperback)
=020  \\$a9781315676326 (e-book)
=020  \\$a9781317384816 (e-book: Mobi)
=020  \\$a9781138930834 (hardback)
=020  \\$a9781138930841 (paperback)
=024  7\$a10.4324/9781315676326 $2doi
=035  \\$a(OCoLC)960895231
=040  \\$aFlBoTFG$cFlBoTFG$erda$beng
=050  \4$aBF697.5.S43$bD86 2017
=082  04$a158.1$bD919
=100  1\$aDunkley, Christine.,$eauthor.
=245  10$aUsing mindfulness skills in everyday life :$ba practical guide /$cChristine Dunkley and Maggie Stanton.
=264  \1$aNew York :$bRoutledge,$c©2017.
=300  \\$a1 online resource (x, 124 pages) :$btext file, PDF
=336  \\$atext$2rdacontent
=337  \\$acomputer$2rdamedia
=338  \\$aonline resource$2rdacarrier
=504  \\$aIncludes bibliographical references and index.
=505  0\$a1. What is mindfulness? -- 2. Why learn mindfulness skills? -- 3. First steps in practising mindfulness -- 4. Reflections after a practice -- 5. Being mindful of your thoughts -- 6. Living mindfully -- 7. Acting wisely -- 8. From practice into everyday life.
=530  \\$aAlso available in print format.
=650  \0$aConduct of life.
=650  \0$aMindfulness (Psychology)
=650  \0$aSelf-perception.
=655  \7$aElectronic books.$2lcsh
=700  1\$aStanton, Maggie.
=776  08$iPrint version: $z9781138930834(Hardback)$w 2016005963
=793  0\$aTaylor & Francis online monographs (UCSD)
=856 40$zTaylor & Francis. Restricted to UCSD IP addresses.$uhttps://www.taylorfrancis.com/books/9781317384830

