=LDR  02150cam a2200481Ii 4500
=001  TF9781315694139
=003  FlBoTFG
=005  20180331111825.0
=006  m\\\\\o\\d\\\\\\\\
=007  cr\\\\\\\\\\\\
=008  180331s2016\\\\nyuab\\\ob\\\\001\0\eng\d
=020  \\$a9781317438670 (e-book: PDF)$q(e-book : PDF)
=020  \\$z9781317438670$q(e-book: PDF)
=020  \\$z9781317438663$q(e-book: ePub)
=020  \\$z9781317438656$q(e-book: Mobi)
=020  \\$z9781138909151$q(hardback)
=020  \\$z9781138909168$q(paperback)
=020  \\$a9781315694139 (e-book)
=020  \\$a9781317438656 (e-book: Mobi)
=020  \\$a9781317438663 (e-book: ePub)
=020  \\$a9781138909151 (hardback)
=020  \\$a9781138909168 (paperback)
=024  7\$a10.4324/9781315694139 $2doi
=035  \\$a(OCoLC)933433301
=040  \\$aFlBoTFG$cFlBoTFG$erda$beng
=050  \4$aJA86$b.E83 2016
=082  04$a174.93$bE843
=245  00$aEthics and experiments :$bproblems and solutions for social scientists and policy professionals /$cedited by Scott Desposato.
=264  \1$aNew York ;$aLondon :$bRoutledge,$c©2016.
=300  \\$a1 online resource (xiv, 322 pages) :$billustrations, text file, PDF
=336  \\$atext$2rdacontent
=337  \\$acomputer$2rdamedia
=338  \\$aonline resource$2rdacarrier
=490  0\$aRoutledge studies in experimental political science ;$v1
=504  \\$aIncludes bibliographical references and index.
=505  0\$apt. 1. Contextual challenges for experimentalists -- pt. 2. Local ethical review when conducting experiment internationally -- pt. 3. The ethical challenges of field experiments -- pt. 4. Strategies for moving forward.
=530  \\$aAlso available in print format.
=650  \0$aPolitical science$xResearch$xMoral and ethical aspects.
=650  \0$aSocial sciences$xResearch$xMoral and ethical aspects.
=655  \7$aElectronic books.$2lcsh
=700  1\$aDesposato, Scott.
=776  08$iPrint version: $z9781138909151$q(Hardback)$w(DLC) 2015030889
=793  0\$aTaylor & Francis online monographs (UCSD)
=856 40$zTaylor & Francis. Restricted to UCSD IP addresses.$uhttps://www.taylorfrancis.com/books/9781317438670

