=LDR  01892cam a2200469Ii 4500
=001  TF9781315521534
=003  FlBoTFG
=005  20180331111825.0
=006  m\\\\\o\\d\\\\\\\\
=007  cr\\\\\\\\\\\\
=008  180331s2017\\\\nyu\\\\\ob\\\\001\0\eng\d
=020  \\$a9781315521527 (e-book: PDF)$q(e-book : PDF)
=020  \\$z9781315521527$q(e-book: PDF)
=020  \\$z9781315521503$q(e-book: Mobi)
=020  \\$z9781138827707$q(hardback)
=020  \\$z9781138827714$q(paperback)
=020  \\$a9781315521534 (e-book)
=020  \\$a9781315521503 (e-book: Mobi)
=020  \\$a9781138827707 (hardback)
=020  \\$a9781138827714 (paperback)
=024  7\$a10.4324/9781315521534 $2doi
=035  \\$a(OCoLC)962355929
=040  \\$aFlBoTFG$beng$erda$cFlBoTFG
=050  \4$aB808.9$b.G46 2017
=082  04$a128.2$bG333
=100  1\$aGennaro, Rocco J.,$eauthor.
=245  10$aConsciousness /$cRocco J. Gennaro.
=250  \\$aFirst edition.
=264  \1$aNew York :$bRoutledge,$c©2017.
=300  \\$a1 online resource :$btext file, PDF
=336  \\$atext$2rdacontent
=337  \\$acomputer$2rdamedia
=338  \\$aonline resource$2rdacarrier
=490  1\$aNew problems of philosophy
=504  \\$aIncludes bibliographical references (pages [203]-237) and index.
=505  0\$a1. The metaphysics of consciousness -- 2. Consciousness, neuroscience, and attention -- 3. Representational and cognitive theories of consciousness -- 4. Consciousness and psychopathology --  5. Animal and machine consciousness.
=530  \\$aAlso available in print format.
=650  \0$aConsciousness.
=655  \7$aElectronic books.$2lcsh
=776  08$iPrint version: $z9781138827707(Hardback)$w 2016015201
=793  0\$aTaylor & Francis online monographs (UCSD)
=830  \0$aNew problems of philosophy.
=856 40$zTaylor & Francis. Restricted to UCSD IP addresses.$uhttps://www.taylorfrancis.com/books/9781315521527

