=LDR  02729cam a2200469Ii 4500
=001  TF9781315466859
=003  FlBoTFG
=005  20180331111825.0
=006  m\\\\\o\\d\\\\\\\\
=007  cr\\\\\\\\\\\\
=008  180331s2017\\\\enk\\\\\ob\\\\001\0\eng\d
=020  \\$a9781315466842 (e-book: PDF)$q(e-book : PDF)
=020  \\$z9781315466842$q(e-book: PDF)
=020  \\$z9781315466828$q(e-book: Mobi)
=020  \\$z9781138802124$q(hardback)
=020  \\$z9781138802131$q(paperback)
=020  \\$a9781315466859 (e-book)
=020  \\$a9781315466828 (e-book: Mobi)
=020  \\$a9781138802124 (hardback)
=020  \\$a9781138802131 (paperback)
=024  7\$a10.4324/9781315466859 $2doi
=035  \\$a(OCoLC)959978582
=040  \\$aFlBoTFG$beng$erda$cFlBoTFG
=043  \\$ae------
=050  \4$aGT3180$b.D43 2017
=082  04$a306.90940902$bD285
=245  00$aDeath in medieval Europe :$bdeath scripted and death choreographed /$cedited by Joelle Rollo-Koster.
=264  \1$aAbingdon, Oxon ;$aNew York, N.Y. :$bRoutledge,$c©2017.
=300  \\$a1 online resource :$btext file, PDF
=336  \\$atext$2rdacontent
=337  \\$acomputer$2rdamedia
=338  \\$aonline resource$2rdacarrier
=504  \\$aIncludes bibliographical references and index.
=505  0\$aWriting the dead : text and commemoration in Anglo-Saxon England / Jill Hamilton Clements -- From powerful agents to subordinate objects? : the restless dead in 13th- and 14th-century Iceland / Kirsi Kanerva -- Animated corpses and bodies with power in the scholastic age / Winston Black -- Women, dance, death, and lament in medieval Spain and the Mediterranean : Jewish, Christian, and Muslim examples / Cynthia Sautter -- Wills and testaments / Francine Michaud -- Spectacular death : capital punishment in medieval English towns / James Davis -- Ghostly knights : kings' funerals in 14th century Europe and the emergence of an international style / Mikhail A. Boytsov -- Death of clergymen : popes and cardinals' death rituals / Joelle Rollo-Koster -- A dead zone in the historiography of death in the Middle Ages : the sentiment of suspicious death / Franck Collard -- Registering deaths and causes of death in late medieval Milan / Ann G. Carmichael.
=530  \\$aAlso available in print format.
=650  \0$aDeath$xSocial aspects$zEurope$xHistory$yTo 1500.
=650  \0$aFuneral rites and ceremonies, Medieval.
=650  \0$aMiddle Ages.
=655  \7$aElectronic books.$2lcsh
=700  1\$aRollo-Koster, Joelle,$eeditor...
=776  08$iPrint version: $z9781138802124(Hardback)$w 2016014444
=793  0\$aTaylor & Francis online monographs (UCSD)
=856 40$zTaylor & Francis. Restricted to UCSD IP addresses.$uhttps://www.taylorfrancis.com/books/9781315466842

