=LDR  02318cam a2200553Ii 4500
=001  TF9781315669045
=003  FlBoTFG
=005  20180331111825.0
=006  m\\\\\o\\d\\\\\\\\
=007  cr\\\\\\\\\\\\
=008  180331s2016\\\\enka\\\\ob\\\\001\0\eng\d
=020  \\$a9781317362937 (e-book: PDF)$q(e-book : PDF)
=020  \\$z9781317362937$q(e-book: PDF)
=020  \\$z9781317362920$q(e-book: ePub)
=020  \\$z9781317362913$q(e-book: Mobi)
=020  \\$z9781138949430$q(hardback)
=020  \\$z9780815368786$q(paperback)
=020  \\$a9781315669045 (e-book)
=020  \\$a9781317362913 (e-book: Mobi)
=020  \\$a9781317362920 (e-book: ePub)
=020  \\$a9781138949430 (hardback)
=020  \\$a9780815368786 (paperback)
=024  7\$a10.4324/9781315669045 $2doi
=035  \\$a(OCoLC)941779229
=040  \\$aFlBoTFG$cFlBoTFG$erda$beng
=043  \\$aa-ko---
=050  \4$aP96.E252$bK6653 2016
=082  04$a338.8095195$bK491
=100  1\$aKim, Chunhyo.,$eauthor.
=245  10$aSamsung, media empire and family :$ba power web /$cChunhyo Kim.
=264  \1$aLondon ;$aNew York :$bRoutledge,$c©2016.
=300  \\$a1 online resource (xxiii, 156 pages) :$billustrations, text file, PDF
=336  \\$atext$2rdacontent
=337  \\$acomputer$2rdamedia
=338  \\$aonline resource$2rdacarrier
=490  1\$aRoutledge advances in Korean studies ;$v34
=504  \\$aIncludes bibliographical references and index.
=505  0\$a1. Chaebol groups in modern Korean history -- 2. The history of Samsung -- 3. Concentration vs. competition in neoliberal media mode -- 4. Samsung media empires -- 5. A family media monopoly -- 6. Conclusion.
=530  \\$aAlso available in print format.
=610  20$aSamsong Chonja.
=650  \0$aFamily-owned business enterprises$zKorea (South)
=650  \0$aMass media policy$zKorea (South)
=650  \0$aMass media$xEconomic aspects$zKorea (South)
=650  \0$aMass media$xOwnership$zKorea (South)
=650  \0$aMonopolies$zKorea (South)
=655  \7$aElectronic books.$2lcsh
=776  08$iPrint version: $z9781138949430(Hardback)$w 2015040856
=793  0\$aTaylor & Francis online monographs (UCSD)
=830  \0$aRoutledge advances in Korean studies ;$v34.
=856 40$zTaylor & Francis. Restricted to UCSD IP addresses.$uhttps://www.taylorfrancis.com/books/9781317362937

