=LDR  02458cam a2200529Ii 4500
=001  TF9781315840277
=003  FlBoTFG
=005  20180331111825.0
=006  m\\\\\o\\d\\\\\\\\
=007  cr\\\\\\\\\\\\
=008  180331r20141998enka\\\\ob\\\\001\0\eng\d
=020  \\$a9781317882381 (e-book: PDF)$q(e-book : PDF)
=020  \\$z9781317882381$q(e-book: PDF)
=020  \\$z9781317882374$q(e-book: ePub)
=020  \\$z9781317882367$q(e-book: Mobi)
=020  \\$z9781138174801$q(hardback)
=020  \\$z9780582319752$q(paperback)
=020  \\$a9781315840277 (e-book)
=020  \\$a9781317882367 (e-book: Mobi)
=020  \\$a9781317882374 (e-book: ePub)
=020  \\$a9781138174801 (hardback)
=020  \\$a9780582319752 (paperback)
=024  7\$a10.4324/9781315840277 $2doi
=035  \\$a(OCoLC)881510775
=040  \\$aFlBoTFG$cFlBoTFG$erda$beng
=043  \\$ae------$aen-----
=050  \4$aVM16$b.M34 2014
=082  04$a623.821$bM147
=100  1\$aMcGrail, Sean.,$eauthor.
=245  10$aAncient boats in North-West Europe :$bthe archaeology of water transport to AD 1500 /$cSean McGrail.
=264  \1$aOxon [England] :$bRoutledge,$c©2014.
=300  \\$a1 online resource (xxviii, 324 pages) :$billustrations, text file, PDF
=336  \\$atext$2rdacontent
=337  \\$acomputer$2rdamedia
=338  \\$aonline resource$2rdacarrier
=490  1\$aLongman archaeology series
=500  \\$aFirst published 1987 by Addison Wesley Longman. Reissued in paperback with corrections and additions, 1998.
=504  \\$aIncludes bibliographical references (p. [286]-300) and indexes.
=505  0\$a1. Introduction -- 2. Types of water transport -- 3. Stability and seaworthiness -- 4. Trees and wood -- 5. Log rafts -- 6. Logboats -- 7. Bark boats -- 8. Wooden plank boats -- 9. Bundle rafts and boats -- 10. Hide boats and float rafts -- 11. Assessment of performance -- 12. Propulsion, steering and anchoring -- 13. Seamanship -- 14. Pilotage and navigation.
=530  \\$aAlso available in print format.
=650  \0$aShipbuilding$zEurope$xHistory.
=650  \0$aShipbuilding$zEurope, Northern$xHistory.
=650  \0$aShips, Ancient$zEurope, Northern.
=655  \7$aElectronic books.$2lcsh
=776  08$iPrint version: $z9781138174801$q(Hardback)
=793  0\$aTaylor & Francis online monographs (UCSD)
=830  \0$aLongman archaeology series.
=856 40$zTaylor & Francis. Restricted to UCSD IP addresses.$uhttps://www.taylorfrancis.com/books/9781317882381

