=LDR  02399cam a2200529Ii 4500
=001  TF9781315672366
=003  FlBoTFG
=005  20180331111825.0
=006  m\\\\\o\\d\\\\\\\\
=007  cr\\\\\\\\\\\\
=008  180331r20161984enkabd\\ob\\\\001\0\eng\d
=020  \\$a9781317372943 (e-book: PDF)$q(e-book : PDF)
=020  \\$z9781317372943$q(e-book: PDF)
=020  \\$z9781317372936$q(e-book: ePub)
=020  \\$z9781317372929$q(e-book: Mobi)
=020  \\$z9781138941045$q(hardback)
=020  \\$z9781138943582$q(paperback)
=020  \\$a9781315672366 (e-book)
=020  \\$a9781317372929 (e-book: Mobi)
=020  \\$a9781317372936 (e-book: ePub)
=020  \\$a9781138941045 (hardback)
=020  \\$a9781138943582 (paperback)
=024  7\$a10.4324/9781315672366 $2doi
=035  \\$a(OCoLC)958108201
=040  \\$aFlBoTFG$cFlBoTFG$erda$beng
=043  \\$ae-fr---
=050  \4$aHV6970.L53$bR84 2016
=082  04$a364.94447$bR922
=100  1\$aRuff, Julius R.$q(Julius Ralph),$eauthor.
=245  10$aCrime, justice and public order in old regime France :$bthe Senechaussees of Libourne and Basas, 1696-1789 /$cJulius R. Ruff.
=264  \1$aAbingdon, Oxon :$bRoutledge,$c©2016.
=300  \\$a1 online resource (211 pages) :$billustrations, text file, PDF
=336  \\$atext$2rdacontent
=337  \\$acomputer$2rdamedia
=338  \\$aonline resource$2rdacarrier
=490  0\$aRoutledge library editions. The history of crime and punishment ;$vv. 8
=500  \\$aFirst published in 1984 by Croom Helm Ltd.
=504  \\$aIncludes bibliographical references and index.
=505  0\$ach. 1. Libourne and Bazas -- ch. 2. The old regime criminal justice system -- ch. 3. Old regime justice in practice -- ch. 4. Crimes of violence -- ch. 5. Crimes against property -- ch. 6. Crimes against the political, religious and moral order.
=530  \\$aAlso available in print format.
=650  \0$aCrime$zFrance$zBazas$xHistory$y18th century.
=650  \0$aCrime$zFrance$zLibourne$xHistory$y18th century.
=650  \0$aCriminal justice, Administration of$zFrance$zLibourne$xHistory$y18th century.
=650  \0$aFrance$xRural conditions.
=655  \7$aElectronic books.$2lcsh
=776  08$iPrint version: $z9781138941045$q(Hardback)
=793  0\$aTaylor & Francis online monographs (UCSD)
=856 40$zTaylor & Francis. Restricted to UCSD IP addresses.$uhttps://www.taylorfrancis.com/books/9781317372943

