=LDR  03255cam a2200529Ii 4500
=001  TF9781351661324
=003  FlBoTFG
=005  20180330125217.0
=006  m\\\\\o\\d\\\\\\\\
=007  cr\\\\\\\\\\\\
=008  180331r20172000enkab\\\obe\\\001\0\eng\d
=020  \\$a9781351661324$q(e-book: PDF)
=020  \\$z9781315160047$q(e-book)
=020  \\$z9781351661300$q(e-book: Mobi)
=020  \\$z9781138064935$q(hardback)
=020  \\$z9781138065048$q(paperback)
=020  \\$a9781315160047 (e-book)
=020  \\$a9781351661300 (e-book: Mobi)
=020  \\$a9781138064935 (hardback)
=020  \\$a9781138065048 (paperback)
=024  7\$a10.4324/9781315160047 $2doi
=035  \\$a(OCoLC)994469716
=040  \\$aFlBoTFG$beng$erda$cFlBoTFG
=050  \4$aHF1001$b.T73 2017
=082  04$a650.03$bT763
=245  00$aTrade, travel and exploration in the Middle Ages :$ban encyclopedia /$cedited by John Block Friedman, Kristen Mossler Figg ; associate editor, Scott D. Westrem ; collaborating editor, Gregory G. Guzman.
=264  \1$aLondon :$bRoutledge,$c©2017.
=300  \\$a1 online resource (xxxix, 715 pages) :$billustrations, text file, PDF
=336  \\$atext$btxt$2rdacontent
=337  \\$acomputer$bc$2rdamedia
=338  \\$aonline resource$bcr$2rdacarrier
=490  1\$aRoutledge revivals
=500  \\$aFirst published in 2000 by Routledge.
=504  \\$aIncludes bibliographical references and index.
=505  0\$achapter The Encyclopedia -- chapter General Bibliography.
=520  \\$a"First published in 2000, Trade, Travel, and Exploration: An Encyclopedia covers the people, places, technologies, and intellectual concepts that contributed to trade, travel and exploration during the Middle Ages, from the years C.E. 525 to 1492.This comprehensive reference work contains entries on a large number of subjects, including familiar topics such as the voyages of Columbus and Marco Polo, and also information that is more difficult to find, for example, the traditions of travel among Muslim women and the influence of Viking travel on navigation and geographical knowledge. Bringing together more than 175 scholars from a variety of disciplines, it minimizes Eurocentric bias and offers extensive coverage of such topics as travel within Inner Asia, Mongol society, and the spread of Buddhism. Including an extensive map program and more than 125 illustrations, as well as bibliographies, a comprehensive index and "see also" references, Medieval Trade, Travel, and Exploration is a valuable reference guide for undifergraduate and graduate students, scholars and also the general readifer."--Provided by publisher.
=530  \\$aAlso available in print format.
=650  \0$aCommerce$xHistory$vEncyclopedias.
=650  \0$aTravel$xHistory$vEncyclopedias.
=655  \7$aElectronic books.$2lcsh
=700  1\$aBlock Friedman, John,$eeditor...
=700  1\$aGuzman, Gregory G.,$eeditor...
=700  1\$aMossler Figg, Kristen,$eeditor...
=700  1\$aWestrem, Scott D.,$eeditor...
=776  08$iPrint version: $z9781138064935$q(Hardback)
=793  0\$aTaylor & Francis online monographs (UCSD)
=830  \0$aRoutledge revivals.
=856 40$zTaylor & Francis. Restricted to UCSD IP addresses.$uhttps://www.taylorfrancis.com/books/9781351661324

