=LDR  01914cam a2200481Ii 4500
=001  TF9781315746227
=003  FlBoTFG
=005  20180331111825.0
=006  m\\\\\o\\d\\\\\\\\
=007  cr\\\\\\\\\\\\
=008  180331s2017\\\\nyu\\\\\ob\\\\001\0\eng\d
=020  \\$a9781317597698 (e-book: PDF)$q(e-book : PDF)
=020  \\$z9781317597698$q(e-book: PDF)
=020  \\$z9781317597674$q(e-book: Mobi)
=020  \\$z9781138816268$q(hardback)
=020  \\$a9781315746227 (e-book)
=020  \\$a9781317597674 (e-book: Mobi)
=020  \\$a9781138816268 (hardback)
=024  7\$a10.4324/9781315746227 $2doi
=035  \\$a(OCoLC)965826872
=040  \\$aFlBoTFG$cFlBoTFG$erda$beng
=050  \4$aLC212$b.R34 2017
=082  04$a379.26$bR118
=245  00$aRace and colorism in education /$cedited by Carla R. Monroe.
=264  \1$aNew York :$bRoutledge,$c©2017.
=300  \\$a1 online resource (x, 199 pages) :$btext file, PDF
=336  \\$atext$2rdacontent
=337  \\$acomputer$2rdamedia
=338  \\$aonline resource$2rdacarrier
=490  1\$aRoutledge research in educational equality and diversity ;$v7
=504  \\$aIncludes bibliographical references and index.
=505  0\$apt. I. The complexity of race and color in education -- pt. II. International perspectives on race and color in education.
=530  \\$aAlso available in print format.
=650  \0$aColorism.
=650  \0$aDiscrimination in education.
=650  \0$aImmigrants$xEducation.
=650  \0$aMinorities$xEducation.
=650  \0$aRacism in education.
=655  \7$aElectronic books.$2lcsh
=700  1\$aMonroe, Carla R.
=776  08$iPrint version: $z9781138816268$q(Hardback)$w(DLC) 2016035093
=793  0\$aTaylor & Francis online monographs (UCSD)
=830  \0$aRoutledge research in educational equality and diversity ;$v7.
=856 40$zTaylor & Francis. Restricted to UCSD IP addresses.$uhttps://www.taylorfrancis.com/books/9781317597698

