=LDR  02173cam a2200517Ii 4500
=001  TF9781315588346
=003  FlBoTFG
=005  20180331102445.0
=006  m\\\\\o\\d\\\\\\\\
=007  cr\\\\\\\\\\\\
=008  180331r20162015enkad\\\ob\\\\001\0\eng\d
=020  \\$a9781317117315 (e-book: PDF)$q(e-book : PDF)
=020  \\$z9781317117315$q(e-book: PDF)
=020  \\$z9781317117308$q(e-book: ePub)
=020  \\$z9781317117292$q(e-book: Mobi)
=020  \\$z9781472434852$q(hardback)
=020  \\$a9781315588346 (e-book)
=020  \\$a9781317117292 (e-book: Mobi)
=020  \\$a9781317117308 (e-book: ePub)
=020  \\$a9781472434852 (hardback)
=024  7\$a10.4324/9781315588346 $2doi
=035  \\$a(OCoLC)945552553
=040  \\$aFlBoTFG$cFlBoTFG$erda$beng
=050  \4$aGN380$b.I53 2016
=082  04$a305.8$bI399
=245  00$aIndigenous people and economic development :$ban international perspective /$cedited by Katia Iankova, Azizul Hassan and Rachel L'Abbe.
=264  \1$aLondon ;$aNew York :$bRoutledge,$c©2016.
=300  \\$a1 online resource (ix, 276  pages) :$billustrations, text file, PDF
=336  \\$atext$2rdacontent
=337  \\$acomputer$2rdamedia
=338  \\$aonline resource$2rdacarrier
=500  \\$a"A Gower book"--Cover.
=500  \\$aFirst published 2015 by Gower Publishing.
=504  \\$aIncludes bibliographical references and index.
=505  0\$apt. 1. Socio-economic development and institutional planning -- pt. 2. Indigenous enterprise -- pt. 3. Sustainability and indigenous tourism -- pt. 4. Poverty alleviation and economic development.
=530  \\$aAlso available in print format.
=538  \\$aMode of access: World Wide Web.
=650  \0$aCommunity development.
=650  \0$aEconomic development.
=650  \0$aIndigenous peoples$xEconomic conditions.
=655  \7$aElectronic books.$2lcsh
=700  1\$aHassan, Azizul.
=700  1\$aIankova, Katia.
=700  1\$aL'Abbee, Rachel.
=776  08$iPrint version: $z9781472434852(Hardback)$w 2015018106
=793  0\$aTaylor & Francis online monographs (UCSD)
=856 40$zTaylor & Francis. Restricted to UCSD IP addresses.$uhttps://www.taylorfrancis.com/books/9781317117315

