=LDR  03003cam a2200589Ii 4500
=001  TF9781315667508
=003  FlBoTFG
=005  20180331111825.0
=006  m\\\\\o\\d\\\\\\\\
=007  cr\\\\\\\\\\\\
=008  180331s2017\\\\enkad\\\ob\\\\001\0\eng\d
=020  \\$a9781317358312 (e-book: PDF)$q(e-book : PDF)
=020  \\$z9781317358312$q(e-book: PDF)
=020  \\$z9781317358305$q(e-book: ePub)
=020  \\$z9781317358299$q(e-book: Mobi)
=020  \\$z9781138952683$q(hardback)
=020  \\$z9781138597686$q(paperback)
=020  \\$a9781315667508 (e-book)
=020  \\$a9781317358299 (e-book: Mobi)
=020  \\$a9781317358305 (e-book: ePub)
=020  \\$a9781138952683 (hardback)
=020  \\$a9781138597686 (paperback)
=024  7\$a10.4324/9781315667508 $2doi
=035  \\$a(OCoLC)963346501
=040  \\$aFlBoTFG$cFlBoTFG$erda$beng
=043  \\$an-mx---$aa-tu---$ances---
=050  \4$aF1219.3.P7$bG45 2017
=082  04$a323.1197072$bG319
=100  1\$aGellman, Mneesha.,$eauthor.
=245  10$aDemocratization and memories of violence :$bethnic minority rights movements in Mexico, Turkey, and El Salvador /$cMneesha Gellman.
=264  \1$aLondon ;$aNew York :$bRoutledge,$c©2017.
=300  \\$a1 online resource (xv, 226 pages) :$billustrations, text file, PDF
=336  \\$atext$2rdacontent
=337  \\$acomputer$2rdamedia
=338  \\$aonline resource$2rdacarrier
=490  1\$aRoutledge global cooperation series
=504  \\$aIncludes bibliographical references and index.
=505  0\$a1. Why communities shame and claim -- 2. Memory, violence, and shaming and claiming in Acteal, Chiapas, Mexico -- 3. The fight for Triqui autonomy in San Juan Copala, Oaxaca, Mexico -- 4. Turkey : memory, "mountain Turks", and the politics of Turkification -- 5. Armenians and the "G" word in Turkey -- 6. Nahuas in El Salvador : negating "pupusas" but eating them too -- 7. Cultural erosion : fragile Lenca persistence in Morazan, El Salvador -- 8. Dynamics of shaming and claiming in comparative perspective -- 9. Conclusion : memory matters in shaming and claiming.
=530  \\$aAlso available in print format.
=650  \0$aArmenians$xCrimes against$zTurkey.
=650  \0$aArmenians$zTurkey$xPoiltics and government.
=650  \0$aDemocratization$xSocial aspects$zEl Salvador.
=650  \0$aDemocratization$xSocial aspects$zMexico.
=650  \0$aDemocratization$xSocial aspects$zTurkey.
=650  \0$aIndians of Central America$xCrimes against$zEl Salvador.
=650  \0$aIndians of Central America$zEl Salvador$xPolitics and government.
=650  \0$aIndians of Mexico$xCrimes against.
=650  \0$aIndians of Mexico$xPolitics and government.
=655  \7$aElectronic books.$2lcsh
=776  08$iPrint version: $z9781138952683(Hardback)$w 2016006563
=793  0\$aTaylor & Francis online monographs (UCSD)
=830  \0$aRoutledge global cooperation series.
=856 40$zTaylor & Francis. Restricted to UCSD IP addresses.$uhttps://www.taylorfrancis.com/books/9781317358312

