=LDR  02282cam a2200529Ii 4500
=001  TF9781315239576
=003  FlBoTFG
=005  20180330125217.0
=006  m\\\\\o\\d\\\\\\\\
=007  cr\\\\\\\\\\\\
=008  180331r20162008enka\\\\ob\\\\101\0\eng\d
=020  \\$a9781351889469 (e-book: PDF)$q(e-book : PDF)
=020  \\$z9781351889469$q(e-book: PDF)
=020  \\$z9781351889445$q(e-book: Mobi)
=020  \\$z9780754663195$q(hardback)
=020  \\$z9781138249653$q(paperback)
=020  \\$a9781315239576 (e-book)
=020  \\$a9781351889445 (e-book: Mobi)
=020  \\$a9780754663195 (hardback)
=020  \\$a9781138249653 (paperback)
=024  7\$a10.4324/9781315239576 $2doi
=035  \\$a(OCoLC)973030381
=040  \\$aFlBoTFG$cFlBoTFG$erda$beng
=041  0\$aeng$afre$aita
=043  \\$ae------$aa-tu---
=050  \4$aD164$b.S63 2004
=082  04$a949.503$bS678
=110  2\$aSociety for the Study of the Crusades and the Latin East.$bConference$n(6th :$d2004 :$cIstanbul, Turkey)
=245  14$aThe Fourth crusade :$bevent, aftermath, and perceptions : papers from the Sixth Conference of the Society for the Study of the Crusades and the Latin East , Istanbul, Turkey, 25-29 August 2004 /$cedited by Thomas F. Madden.
=264  \1$aLondon ;$aNew York :$bRoutledge,$c©2016.
=300  \\$a1 online resource (xxiii, 184 pages) :$billustrations, text file, PDF
=336  \\$atext$btxt$2rdacontent
=337  \\$acomputer$bc$2rdamedia
=338  \\$aonline resource$bcr$2rdacarrier
=490  1\$aCrusades, subsidia ;$v2
=500  \\$a"First published 2008 by Ashgate Publishing"--t.p. verso.
=504  \\$aIncludes bibliographical references and index.
=505  0\$aEvent -- Aftermath -- Perception.
=530  \\$aAlso available in print format.
=546  \\$aContributions in English, French, and Italian.
=650  \0$aCrusades$yFourth, 1202-1204$vCongresses.
=650  \0$aMilitary history, Medieval$vCongresses.
=655  \7$aElectronic books.$2lcsh
=700  1\$aMadden, Thomas F.
=776  08$iPrint version: $z9780754663195(Hardback)$w  2007016269
=793  0\$aTaylor & Francis online monographs (UCSD)
=830  \0$aCrusades.$pSubsidia ;$v2.
=856 40$zTaylor & Francis. Restricted to UCSD IP addresses.$uhttps://www.taylorfrancis.com/books/9781351889469

