=LDR  02400cam a2200541Ii 4500
=001  TF9781315691060
=003  FlBoTFG
=005  20180331111825.0
=006  m\\\\\o\\d\\\\\\\\
=007  cr\\\\\\\\\\\\
=008  180331s2016\\\\nyu\\\\\ob\\\\001\0\eng\d
=020  \\$a9781317428992 (e-book: PDF)$q(e-book : PDF)
=020  \\$z9781317428992$q(e-book: PDF)
=020  \\$z9781317428985$q(e-book: ePub)
=020  \\$z9781317428978$q(e-book: Mobi)
=020  \\$z9781138914025$q(hardback)
=020  \\$z9781138099715$q(paperback)
=020  \\$a9781315691060 (e-book)
=020  \\$a9781317428978 (e-book: Mobi)
=020  \\$a9781317428985 (e-book: ePub)
=020  \\$a9781138914025 (hardback)
=020  \\$a9781138099715 (paperback)
=035  \\$a(OCoLC)921888809
=040  \\$aFlBoTFG$cFlBoTFG$erda$beng
=043  \\$aa-ai---$aa-tu---$ae-uk---$an-us---
=050  \4$aDS195$b.U936 2016
=082  04$a956.620154$bU97
=100  1\$aUyanik, Nevzat.,$eauthor.
=245  10$aDismantling the Ottoman Empire :$bBritain, America and the Armenian Question /$cNevzat Uyanik.
=264  \1$aNew York :$bRoutledge,$c©2016.
=300  \\$a1 online resource (viii, 191 pages) :$btext file, PDF
=336  \\$atext$2rdacontent
=337  \\$acomputer$2rdamedia
=338  \\$aonline resource$2rdacarrier
=490  1\$aSOAS/Routledge studies on the Middle East ;$v24
=504  \\$aIncludes bibliographical references and index.
=505  0\$a1. On the eve of the Great War -- 2. War, humanitarian relief, and propaganda (1914-17) -- 3. America at war and the resurrection of the Armenian question (1917-18) -- 4. New vs. old diplomacy : a mandate plan (1919) -- 5. "The Wilson award" and its specter at Lausanne (1920-23).
=530  \\$aAlso available in print format.
=650  \0$aArmenian question.
=651  \0$aGreat Britain$xForeign relations$zTurkey.
=651  \0$aTurkey$xForeign relations$zGreat Britain.
=651  \0$aTurkey$xForeign relations$zUnited States.
=651  \0$aTurkey$xHistory$yOttoman Empire, 1288-1918.
=651  \0$aUnited States$xForeign relations$zTurkey.
=655  \7$aElectronic books.$2lcsh
=776  08$iPrint version: $z9781138914025$q(Hardback)
=793  0\$aTaylor & Francis online monographs (UCSD)
=830  \0$aSOAS/Routledge studies on the Middle East ;$v24.
=856 40$zTaylor & Francis. Restricted to UCSD IP addresses.$uhttps://www.taylorfrancis.com/books/9781317428992

