=LDR  01978cam a2200469Ii 4500
=001  TF9781315472171
=003  FlBoTFG
=005  20180330125217.0
=006  m\\\\\o\\d\\\\\\\\
=007  cr\\\\\\\\\\\\
=008  180331s2017\\\\nyua\\\\ob\\\\001\0\eng\d
=020  \\$a9781315472164 (e-book: PDF)$q(e-book : PDF)
=020  \\$z9781315472164$q(e-book: PDF)
=020  \\$z9781315472140$q(e-book: Mobi)
=020  \\$z9781138203235$q(hardback)
=020  \\$a9781315472171 (e-book)
=020  \\$a9781315472140 (e-book: Mobi)
=020  \\$a9781138203235 (hardback)
=024  7\$a10.4324/9781315472171 $2doi
=035  \\$a(OCoLC)967740455
=040  \\$aFlBoTFG$cFlBoTFG$erda$beng
=050  \4$aBF378.S65$bM38 2017
=082  04$a153.12$bM425
=245  00$aMaterializing memory in art and popular culture /$cedited by Laszlo Muntean, Liedeke Plate, and Anneke Smelik.
=264  \1$aNew York :$bRoutledge,$c©2017.
=300  \\$a1 online resource (xiv, 220 pages) :$billustrations, text file, PDF
=336  \\$atext$btxt$2rdacontent
=337  \\$acomputer$bc$2rdamedia
=338  \\$aonline resource$bcr$2rdacarrier
=490  1\$aRoutledge research in cultural and media studies ;$v102
=504  \\$aIncludes bibliographical references and index.
=505  0\$apt. I. Material remains : ruins and souvenirs -- pt. II. Entangled memories -- pt. III. Reenactment, affect, and remembrance -- pt. IV. Corporeality and objects of trauma.
=530  \\$aAlso available in print format.
=650  \0$aMaterial culture.
=650  \0$aMemory$xSocial aspects.
=655  \7$aElectronic books.$2lcsh
=700  1\$aMuntean, Laszlo.
=700  1\$aPlate, Liedeke.
=700  1\$aSmelik, Anneke.
=776  08$iPrint version: $z9781138203235(Hardback)$w 2016044949
=793  0\$aTaylor & Francis online monographs (UCSD)
=830  \0$aRoutledge research in cultural and media studies ;$v102.
=856 40$zTaylor & Francis. Restricted to UCSD IP addresses.$uhttps://www.taylorfrancis.com/books/9781315472164

