=LDR  02180cam a2200493Ii 4500
=001  TF9781315628585
=003  FlBoTFG
=005  20180331111825.0
=006  m\\\\\o\\d\\\\\\\\
=007  cr\\\\\\\\\\\\
=008  180331s2017\\\\enk\\\\\ob\\\\001\0\eng\d
=020  \\$a9781317241478 (e-book: PDF)$q(e-book : PDF)
=020  \\$z9781317241478$q(e-book: PDF)
=020  \\$z9781317241454$q(e-book: Mobi)
=020  \\$z9781138644786$q(hardback)
=020  \\$a9781315628585 (e-book)
=020  \\$a9781317241454 (e-book: Mobi)
=020  \\$a9781138644786 (hardback)
=024  7\$a10.4324/9781315628585 $2doi
=035  \\$a(OCoLC)959609369
=040  \\$aFlBoTFG$beng$erda$cFlBoTFG
=043  \\$acl-----
=050  \4$aHC125$b.P6445 2017
=082  04$a330.98$bP769
=245  04$aThe political economy of Latin American independence /$cedited by Alexandre Mendes Cunha and Carlos Eduardo Suprinyak.
=250  \\$aFirst edition.
=264  \1$aLondon ;$aNew York :$bRoutledge,$c©2017.
=300  \\$a1 online resource :$btext file, PDF
=336  \\$atext$2rdacontent
=337  \\$acomputer$2rdamedia
=338  \\$aonline resource$2rdacarrier
=490  1\$aRoutledge studies in the history of economics ;$v187
=504  \\$aIncludes bibliographical references and index.
=505  0\$apart 1. International dissemination of economic ideas -- part 2. Protectionism and free trade in the nineteenth century -- part 3. Ideas from abroad -- part 4. Doing political economy in Latin America -- part 5. Nationalism and economic development in Latin America.
=530  \\$aAlso available in print format.
=650  \0$aNationalism$zLatin America.
=651  \0$aLatin America$xEconomic conditions$y1982-
=651  \0$aLatin America$xEconomic policy.
=655  \7$aElectronic books.$2lcsh
=700  1\$aCunha, Alexandre Mendes,$eeditor...
=700  1\$aSuprinyak, Carlos Eduardo,$eeditor...
=776  08$iPrint version: $z9781138644786(Hardback)$w 2016019002
=793  0\$aTaylor & Francis online monographs (UCSD)
=830  \0$aRoutledge studies in the history of economics ;$v187.
=856 40$zTaylor & Francis. Restricted to UCSD IP addresses.$uhttps://www.taylorfrancis.com/books/9781317241478

