=LDR  02280cam a2200493Ii 4500
=001  TF9781315739335
=003  FlBoTFG
=005  20180331111825.0
=006  m\\\\\o\\d\\\\\\\\
=007  cr\\\\\\\\\\\\
=008  180331s2016\\\\enka\\\\ob\\\\001\0\eng\d
=020  \\$a9781317576440 (e-book: PDF)$q(e-book : PDF)
=020  \\$z9781317576440$q(e-book: PDF)
=020  \\$z9781317576433$q(e-book: ePub)
=020  \\$z9781317576426$q(e-book: Mobi)
=020  \\$z9781138826441$q(hardback)
=020  \\$z9781138547148$q(paperback)
=020  \\$a9781315739335 (e-book)
=020  \\$a9781317576426 (e-book: Mobi)
=020  \\$a9781317576433 (e-book: ePub)
=020  \\$a9781138826441 (hardback)
=020  \\$a9781138547148 (paperback)
=024  7\$a10.4324/9781315739335 $2doi
=035  \\$a(OCoLC)948602533
=040  \\$aFlBoTFG$cFlBoTFG$erda$beng
=050  \4$aGF75$b.H434 2016
=082  04$a304.2$bH432
=100  1\$aHead, Lesley.,$eauthor.
=245  10$aHope and grief in the anthropocene :$bre-conceptualising human-nature relations /$cLesley Head.
=264  \1$aLondon ;$aNew York :$bRoutledge,$c©2016.
=300  \\$a1 online resource (xii, 181 pages) :$billustrations, text file, PDF
=336  \\$atext$2rdacontent
=337  \\$acomputer$2rdamedia
=338  \\$aonline resource$2rdacarrier
=490  0\$aRoutledge research in the Anthropocene
=504  \\$aIncludes bibliographical references and index.
=505  0\$a1. The spectre of catastrophe -- 2. Grief will be our companion -- 3. Past, present and future temporalities -- 4. More than human, more than nature -- 5. Practising hope -- 6. Rethinking agriculture, rethinking Anthropocene -- 7. Living with weeds -- 8. Governing the ungovernable? -- 9. Beyond fortress and sprawl : retrofitting cities, suburbs and households -- 10. The Anthropoceneans.
=530  \\$aAlso available in print format.
=650  \0$aGlobal environmental change$xSocial aspects.
=650  \0$aHuman ecology.
=650  \0$aNature$xEffect of human beings on.
=655  \7$aElectronic books.$2lcsh
=776  08$iPrint version: $z9781138826441$q(Hardback)$w(DLC) 2015035844
=793  0\$aTaylor & Francis online monographs (UCSD)
=856 40$zTaylor & Francis. Restricted to UCSD IP addresses.$uhttps://www.taylorfrancis.com/books/9781317576440

