=LDR  02623cam a2200517Ii 4500
=001  TF9781315708966
=003  FlBoTFG
=005  20180331111825.0
=006  m\\\\\o\\d\\\\\\\\
=007  cr\\\\\\\\\\\\
=008  180331s2015\\\\enka\\\\ob\\\\001\0\eng\d
=020  \\$a9781317484455 (e-book: PDF)$q(e-book : PDF)
=020  \\$z9781317484455$q(e-book: PDF)
=020  \\$z9781317484448$q(e-book: ePub)
=020  \\$z9781317484431$q(e-book: Mobi)
=020  \\$z9780415713160$q(hardback)
=020  \\$z9780415713184$q(paperback)
=020  \\$a9781315708966 (e-book)
=020  \\$a9781317484431 (e-book: Mobi)
=020  \\$a9781317484448 (e-book: ePub)
=020  \\$a9780415713160 (hardback)
=020  \\$a9780415713184 (paperback)
=024  7\$a10.4324/9781315708966 $2doi
=035  \\$a(OCoLC)958107148
=040  \\$aFlBoTFG$cFlBoTFG$erda$beng
=050  \4$aRC438$b.P54 2015
=082  04$a616.89$bP625
=100  1\$aPietikainen, Petteri.,$eauthor.
=245  10$aMadness :$ba history /$cPetteri Pietikainen.
=264  \1$aLondon :$bRoutledge,$c©2015.
=300  \\$a1 online resource (vi, 346 pages) :$billustrations, text file, PDF
=336  \\$atext$2rdacontent
=337  \\$acomputer$2rdamedia
=338  \\$aonline resource$2rdacarrier
=504  \\$aIncludes bibliographical references and index.
=505  0\$apt. 1. Madness from antiquity to the age of the Enlightenment -- pt. 2. The great transformation : medicalization of madness in the long nineteenth century -- pt. 3. Naming and managing madness in the golden age of asylums -- pt. 4. Madness in the Cold War era and beyond.
=520  2\$a"Madness : A History is an account of madness from antiquity to modern times, offering a picture of mental illness and its varieties in Western civilization. The book examines the social and cultural forces shaping the medical and lay perspectives on madness, the invention and development of diagnoses as well as the theories and treatment methods by physicians, and the patient experiences inside and outside of the mental institution"--Provided by publisher.
=530  \\$aAlso available in print format.
=650  \0$aMental illness$xHistory.
=650  \0$aMental illness$xSocial aspects$xHistory.
=650  \0$aMental illness$xTreatment$xHistory.
=650  \0$aPsychiatric hospitals$xHistory.
=650  \0$aPsychiatry$xHistory.
=655  \7$aElectronic books.$2lcsh
=776  08$iPrint version: $z9780415713160$q(Hardback)$w(DLC) 2014045449
=793  0\$aTaylor & Francis online monographs (UCSD)
=856 40$zTaylor & Francis. Restricted to UCSD IP addresses.$uhttps://www.taylorfrancis.com/books/9781317484455

