=LDR  02786cam a2200505Ii 4500
=001  TF9781315857107
=003  FlBoTFG
=005  20180331111825.0
=006  m\\\\\o\\d\\\\\\\\
=007  cr\\\\\\\\\\\\
=008  180331s2016\\\\enkad\\\ob\\\\001\0\eng\d
=020  \\$a9781317932727 (e-book: PDF)$q(e-book : PDF)
=020  \\$z9781317932727$q(e-book: PDF)
=020  \\$z9781317932710$q(e-book: ePub)
=020  \\$z9781317932703$q(e-book: Mobi)
=020  \\$z9780415724609$q(hardback)
=020  \\$z9780815357698$q(paperback)
=020  \\$a9781315857107 (e-book)
=020  \\$a9781317932703 (e-book: Mobi)
=020  \\$a9781317932710 (e-book: ePub)
=020  \\$a9780415724609 (hardback)
=020  \\$a9780815357698 (paperback)
=024  7\$a10.4324/9781315857107 $2doi
=035  \\$a(OCoLC)958102201
=040  \\$aFlBoTFG$cFlBoTFG$erda$beng
=050  \4$aHV6545.6$b.P744 2016
=082  04$a365.6672$bP944
=245  04$aThe prevention of suicide in prison :$bcognitive behavioural approaches /$cedited by Daniel Pratt.
=264  \1$aLondon ;$aNew York :$bRoutledge,$c©2016.
=300  \\$a1 online resource (xiii, 148 pages) :$billustrations, text file, PDF
=336  \\$atext$2rdacontent
=337  \\$acomputer$2rdamedia
=338  \\$aonline resource$2rdacarrier
=490  1\$aAdvances in mental health research series
=504  \\$aIncludes bibliographical references and index.
=505  0\$a1. Suicide in prisons : introducing the problems / Daniel Pratt -- 2. The epidemiology of prison suicide / Daniel Pratt -- 3. Psychological models of suicidal ideation and behaviour / Patricia gooding and Daniel Pratt -- 4. Cognitive behaviour therapy for suicidal prisoners / Daniel Pratt -- 5. Problem-solving training for suicidal prisoners / Amanda Perry, Mitch Waterman and Allan House -- 6. Forensic patient and public involvement : the development and maintenance of an ex-offender service user reference group / Yvonne Awenat -- 7. Overcoming the challenges of implementing psychological interventions for the prevention of suicide in a prison setting / Daniel Pratt -- 8. Improving the delivery of psychological therapy within a male high security prison : a qualitative enquiry / Fiona Ulph -- 9. Concluding reflections / Daniel Pratt.
=530  \\$aAlso available in print format.
=650  \0$aPrisoners$xPsychology.
=650  \0$aPrisoners$xSuicidal behavior.
=650  \0$aSuicide$xPrevention.
=655  \7$aElectronic books.$2lcsh
=700  1\$aPratt, Daniel,$d1973-
=776  08$iPrint version: $z9780415724609$q(Hardback)$w(DLC) 2015010433
=793  0\$aTaylor & Francis online monographs (UCSD)
=830  \0$aAdvances in mental health research series.
=856 40$zTaylor & Francis. Restricted to UCSD IP addresses.$uhttps://www.taylorfrancis.com/books/9781317932727

