=LDR  01991cam a2200481Ii 4500
=001  TF9781315650807
=003  FlBoTFG
=005  20180331111825.0
=006  m\\\\\o\\d\\\\\\\\
=007  cr\\\\\\\\\\\\
=008  180331s2017\\\\enk\\\\\ob\\\\001\0\eng\d
=020  \\$a9781317308140 (e-book: PDF)$q(e-book : PDF)
=020  \\$z9781317308140$q(e-book: PDF)
=020  \\$z9781317308126$q(e-book: Mobi)
=020  \\$z9781138121720$q(hardback)
=020  \\$z9781138590892$q(paperback)
=020  \\$a9781315650807 (e-book)
=020  \\$a9781317308126 (e-book: Mobi)
=020  \\$a9781138121720 (hardback)
=020  \\$a9781138590892 (paperback)
=024  7\$a10.4324/9781315650807 $2doi
=035  \\$a(OCoLC)960196313
=040  \\$aFlBoTFG$cFlBoTFG$erda$beng
=050  \4$aK3224$b.S83 2017
=082  04$a346.012$bS941
=245  00$aSubjectivity, citizenship and belonging in law :$bidentities and intersections /$cEdited by Anne Griffiths, Sanna Mustasaari and Anna Maki-Petaja-Leinonen.
=264  \1$aAbingdon, Oxon ;$aNew York :$bRoutledge,$c©2017.
=300  \\$a1 online resource (xii, 273 pages) :$btext file, PDF
=336  \\$atext$2rdacontent
=337  \\$acomputer$2rdamedia
=338  \\$aonline resource$2rdacarrier
=504  \\$aIncludes bibliographical references and index.
=505  0\$apt. 1. Politics, power and subjectivity -- pt. 2. Recognising 'the different' subject -- pt. 3. Personhood, property and contribution.
=530  \\$aAlso available in print format.
=650  \0$aCitizenship$xSocial aspects.
=650  \0$aIdentity (Psychology)$xSocial aspects.
=650  \0$aPersons (Law)
=655  \7$aElectronic books.$2lcsh
=700  1\$aGriffiths, Anne M. O.
=700  1\$aMaki-Petaja-Leinonen, Anna.
=700  1\$aMustasaari, Sanna.
=776  08$iPrint version: $z9781138121720(Hardback)$w 2016022537
=793  0\$aTaylor & Francis online monographs (UCSD)
=856 40$zTaylor & Francis. Restricted to UCSD IP addresses.$uhttps://www.taylorfrancis.com/books/9781317308140

