=LDR  02228cam a2200469Ii 4500
=001  TF9781315732404
=003  FlBoTFG
=005  20180331111825.0
=006  m\\\\\o\\d\\\\\\\\
=007  cr\\\\\\\\\\\\
=008  180331s2016\\\\enka\\\\ob\\\\001\0\eng\d
=020  \\$a9781317554882 (e-book: PDF)$q(e-book : PDF)
=020  \\$z9781317554882$q(e-book: PDF)
=020  \\$z9781317554875$q(e-book: ePub)
=020  \\$z9781317554868$q(e-book: Mobi)
=020  \\$z9781138841178$q(hardback)
=020  \\$a9781315732404 (e-book)
=020  \\$a9781317554868 (e-book: Mobi)
=020  \\$a9781317554875 (e-book: ePub)
=020  \\$a9781138841178 (hardback)
=024  7\$a10.4324/9781315732404 $2doi
=035  \\$a(OCoLC)958109658
=040  \\$aFlBoTFG$cFlBoTFG$erda$beng
=050  \4$aTD171.9$b.C446 2016
=082  04$a363.738746$bC554
=100  1\$aChris, Robert.,$eauthor.
=245  10$aSystems thinking for geoengineering policy :$bhow to reduce the threat of dangerous climate change by embracing uncertainty and failure /$cRobert Chris.
=264  \1$aLondon ;$aNew York :$bRoutledge,$c©2016.
=300  \\$a1 online resource (xv, 211 pages) :$billustrations, text file, PDF
=336  \\$atext$2rdacontent
=337  \\$acomputer$2rdamedia
=338  \\$aonline resource$2rdacarrier
=490  0\$aEarthscan science in society series
=504  \\$aIncludes bibliographical references and index.
=505  0\$a1. Contextualising geoengineering -- 2. Geoengineering : the technologies and their 'times' -- 3. The limits of reductionism -- 4. Systems thinking -- 5. Geoengineering and uncertainty -- 6. Geoengineering : complexity in policymaking -- 7. Reframing geoengineering from solution to contribution -- 8. Geoengineering Governance Network (GGN) -- 9. Drawing the threads together.
=530  \\$aAlso available in print format.
=650  \0$aClimate change mitigation.
=650  \0$aEnvironmental geotechnology.
=650  \0$aEnvironmental policy.
=655  \7$aElectronic books.$2lcsh
=776  08$iPrint version: $z9781138841178$q(Hardback)$w(DLC) 2015016530
=793  0\$aTaylor & Francis online monographs (UCSD)
=856 40$zTaylor & Francis. Restricted to UCSD IP addresses.$uhttps://www.taylorfrancis.com/books/9781317554882

