=LDR  02496cam a2200481Ii 4500
=001  TF9781315731155
=003  FlBoTFG
=005  20180331111825.0
=006  m\\\\\o\\d\\\\\\\\
=007  cr\\\\\\\\\\\\
=008  180331s2016\\\\nyuabcf\ob\\\\001\0\eng\d
=020  \\$a9781317551133 (e-book: PDF)$q(e-book : PDF)
=020  \\$z9781317551133$q(e-book: PDF)
=020  \\$z9781317551126$q(e-book: ePub)
=020  \\$z9781317551119$q(e-book: Mobi)
=020  \\$z9781138843080$q(hardback)
=020  \\$z9781138843097$q(paperback)
=020  \\$a9781315731155 (e-book)
=020  \\$a9781317551119 (e-book: Mobi)
=020  \\$a9781317551126 (e-book: ePub)
=020  \\$a9781138843080 (hardback)
=020  \\$a9781138843097 (paperback)
=024  7\$a10.4324/9781315731155 $2doi
=035  \\$a(OCoLC)945764484
=040  \\$aFlBoTFG$cFlBoTFG$erda$beng
=043  \\$an-mx---
=050  \4$aML210$b.S88 2016
=082  04$a780.972$bS936
=100  1\$aSturman, Janet Lynn.,$eauthor.
=245  14$aThe course of Mexican music /$cJanet L. Sturman.
=264  \1$aNew York ;$aLondon :$bRoutledge,$c©2016.
=300  \\$a1 online resource (xxvi, 334 pages) :$billustrations, text file, PDF
=336  \\$atext$2rdacontent
=337  \\$acomputer$2rdamedia
=338  \\$aonline resource$2rdacarrier
=504  \\$aIncludes bibliographical references and index.
=505  0\$ach. 1. Why study Mexican music? -- ch. 2. Defining and listening to Mexican music -- ch. 3. Pre-cortesian and indigenous music, past and present -- ch. 4. Majesty, machismo, mestizaje, and other legacies of the vice-kingdom of New Spain -- ch. 5. Colonial legacies and regional responses : sones regionales -- ch. 6. Sound foundations for independence -- ch. 7. Immigration and cosmopolitan identity during the Porfiriato -- ch. 8. Gifts of the revolution -- ch. 9. Cinema, radio, and the celebrity cantante -- ch. 10. New song and rock mexicano -- ch. 11. Competing popular styles -- ch. 12. Classical contemporary music : new frames for new audiences -- ch. 13. A despedida and closing reflections.
=530  \\$aAlso available in print format.
=650  \0$aMusic$zMexico$xHistory and criticism.
=650  \0$aPopular music$zMexico$xHistory and criticism.
=655  \7$aElectronic books.$2lcsh
=776  08$iPrint version: $z9781138843080$q(Hardback)$w(DLC) 2015008635
=793  0\$aTaylor & Francis online monographs (UCSD)
=856 40$zTaylor & Francis. Restricted to UCSD IP addresses.$uhttps://www.taylorfrancis.com/books/9781317551133

