=LDR  02285cam a2200517Ii 4500
=001  TF9781315696461
=003  FlBoTFG
=005  20180331111825.0
=006  m\\\\\o\\d\\\\\\\\
=007  cr\\\\\\\\\\\\
=008  180331s2016\\\\enkab\\\ob\\\\001\0\eng\d
=020  \\$a9781317446019 (e-book: PDF)$q(e-book : PDF)
=020  \\$z9781317446019$q(e-book: PDF)
=020  \\$z9781317446002$q(e-book: ePub)
=020  \\$z9781317445999$q(e-book: Mobi)
=020  \\$z9781138902879$q(hardback)
=020  \\$z9781138904286$q(paperback)
=020  \\$a9781315696461 (e-book)
=020  \\$a9781317445999 (e-book: Mobi)
=020  \\$a9781317446002 (e-book: ePub)
=020  \\$a9781138902879 (hardback)
=020  \\$a9781138904286 (paperback)
=024  7\$a10.4324/9781315696461 $2doi
=035  \\$a(OCoLC)930302224
=040  \\$aFlBoTFG$cFlBoTFG$erda$beng
=043  \\$an------
=050  \4$aE98.A55$bM37 2016
=082  04$a970.00497$bM379
=100  1\$aMartin, Debra L.,$eauthor.
=245  10$aBodies and lives in ancient America :$bhealth before Columbus /$cDebra L. Martin and Anna J. Osterholtz.
=264  \1$aLondon ;$aNew York :$bRoutledge,$c©2016.
=300  \\$a1 online resource (ix, 166 pages) :$billustrations, text file, PDF
=336  \\$atext$2rdacontent
=337  \\$acomputer$2rdamedia
=338  \\$aonline resource$2rdacarrier
=504  \\$aIncludes bibliographical references and index.
=505  0\$a1. Ancient bodies, ancient lives -- 2. Biocultural perspectives on health and disease -- 3. Pregnancy and birth in ancient America -- 4. Growing up in ancient America -- 5. Adult life in ancient America -- 6. Growing old in ancient America -- 7. Life histories and the arc of time.
=530  \\$aAlso available in print format.
=650  \0$aHuman remains (Archaeology)$zNorth America.
=650  \0$aIndians of North America$xAnthropometry.
=650  \0$aIndians of North America$xHealth and hygiene$xHistory.
=650  \0$aPaleopathology$zNorth America.
=655  \7$aElectronic books.$2lcsh
=700  1\$aOsterholtz, Anna J.
=776  08$iPrint version: $z9781138902879$q(Hardback)$w(DLC) 2015018405
=793  0\$aTaylor & Francis online monographs (UCSD)
=856 40$zTaylor & Francis. Restricted to UCSD IP addresses.$uhttps://www.taylorfrancis.com/books/9781317446019

