=LDR  01965cam a2200493Ii 4500
=001  TF9781134494859
=003  FlBoTFG
=005  20180331111825.0
=006  m\\\\\o\\d\\\\\\\\
=007  cr\\\\\\\\\\\\
=008  180331s2016\\\\nyu\\\\\ob\\\\001\0\eng\d
=020  \\$a9781134494859$q(e-book: PDF)
=020  \\$z9780203761984$q(e-book : PDF)
=020  \\$z9780415704519$q(hardback)
=020  \\$z9780415704526$q(paperback)
=020  \\$z9781134494927$q(e-book: ePub)
=020  \\$z9781134494996$q(e-book: Mobi)
=020  \\$a9780203761984 (e-book)
=020  \\$a9781134494996 (e-book: Mobi)
=020  \\$a9781134494927 (e-book: ePub)
=020  \\$a9780415704519 (hardback)
=020  \\$a9780415704526 (paperback)
=035  \\$a(OCoLC)948603964
=040  \\$aFlBoTFG$cFlBoTFG$erda$beng
=043  \\$an-us---
=050  \4$aUB403$b.H35 2016
=082  04$a355.12$bH177
=100  1\$aHall, Lynn K.$q(Lynn Karen),$d1946-,$eauthor.
=245  10$aCounseling military families :$bwhat mental health professionals need to know /$cLynn K. Hall.
=250  \\$aSecond edition.
=264  \1$aNew York :$bRoutledge,$c©2016.
=300  \\$a1 online resource (xxi, 308 pages) :$btext file, PDF
=336  \\$atext$2rdacontent
=337  \\$acomputer$2rdamedia
=338  \\$aonline resource$2rdacarrier
=504  \\$aIncludes bibliographical references (p. [275]-291) and index.
=505  0\$apt. 1. Setting the stage -- pt. 2. The military family -- pt. 3. Working with military families.
=530  \\$aAlso available in print format.
=650  \0$aFamilies of military personnel$xServices for$zUnited States.
=650  \0$aFamily psychotherapy.
=650  \0$aSoldiers$zUnited States$xPsychology.
=655  \7$aElectronic books.$2lcsh
=776  08$iPrint version: $z9780415704519(Hardback)$w(DLC) 2015042150
=793  0\$aTaylor & Francis online monographs (UCSD)
=856 40$zTaylor & Francis. Restricted to UCSD IP addresses.$uhttps://www.taylorfrancis.com/books/9781134494859

