=LDR  01820cam a2200457Ii 4500
=001  TF9781315639772
=003  FlBoTFG
=005  20180331111825.0
=006  m\\\\\o\\d\\\\\\\\
=007  cr\\\\\\\\\\\\
=008  180331s2017\\\\nyua\\\\ob\\\\001\0\eng\d
=020  \\$a9781317275046 (e-book: PDF)$q(e-book : PDF)
=020  \\$z9781317275046$q(e-book: PDF)
=020  \\$z9781317275022$q(e-book: Mobi)
=020  \\$z9781138192683$q(hardback)
=020  \\$z9781138192690$q(paperback)
=020  \\$a9781315639772 (e-book)
=020  \\$a9781317275022 (e-book: Mobi)
=020  \\$a9781138192683 (hardback)
=020  \\$a9781138192690 (paperback)
=024  7\$a10.4324/9781315639772 $2doi
=035  \\$a(OCoLC)965826683
=040  \\$aFlBoTFG$cFlBoTFG$erda$beng
=050  \4$aN72.G55$bR48 2017
=082  04$a701.0309048$bR281
=245  00$aRe-envisioning the contemporary art canon :$bperspectives in a global world /$cedited by Ruth E. Iskin.
=264  \1$aNew York :$bRoutledge,$c©2017.
=300  \\$a1 online resource (xiv, 294 pages) :$billustrations, text file, PDF
=336  \\$atext$2rdacontent
=337  \\$acomputer$2rdamedia
=338  \\$aonline resource$2rdacarrier
=504  \\$aIncludes bibliographical references and index.
=505  0\$apt. 1. Artists -- pt. 2. Mediums/media -- pt. 3. Exhibitions, museums, markets.
=530  \\$aAlso available in print format.
=650  \0$aArt and globalization$xHistory$y20th century.
=650  \0$aArt and globalization$xHistory$y21st century.
=650  \0$aCanon (Art)
=655  \7$aElectronic books.$2lcsh
=700  1\$aIskin, Ruth.
=776  08$iPrint version: $z9781138192683(Hardback)$w 2016023531
=793  0\$aTaylor & Francis online monographs (UCSD)
=856 40$zTaylor & Francis. Restricted to UCSD IP addresses.$uhttps://www.taylorfrancis.com/books/9781317275046

