=LDR  02122cam a2200493Ii 4500
=001  TF9781315677798
=003  FlBoTFG
=005  20180331111825.0
=006  m\\\\\o\\d\\\\\\\\
=007  cr\\\\\\\\\\\\
=008  180331s2016\\\\nyub\\\\ob\\\\001\0\eng\d
=020  \\$a9781317389255 (e-book: PDF)$q(e-book : PDF)
=020  \\$z9781317389255$q(e-book: PDF)
=020  \\$z9781317389248$q(e-book: ePub)
=020  \\$z9781317389231$q(e-book: Mobi)
=020  \\$z9781138817722$q(hardback)
=020  \\$z9781138817739$q(paperback)
=020  \\$a9781315677798 (e-book)
=020  \\$a9781317389231 (e-book: Mobi)
=020  \\$a9781317389248 (e-book: ePub)
=020  \\$a9781138817722 (hardback)
=020  \\$a9781138817739 (paperback)
=024  7\$a10.4324/9781315677798 $2doi
=035  \\$a(OCoLC)948602726
=040  \\$aFlBoTFG$cFlBoTFG$erda$beng
=043  \\$ae-uk---
=050  \4$aJV1011$b.C17 2016
=082  04$a325.341$bC135
=100  1\$aCain, P. J.,$d1941-,$eauthor.
=245  10$aBritish imperialism :$b1688-2015 /$cP.J. Cain and A.G. Hopkins.
=250  \\$aThird edition.
=264  \1$aNew York, N.Y. :$bRoutledge,$c©2016.
=300  \\$a1 online resource (xxvi, 763 pages) :$btext file, PDF
=336  \\$atext$2rdacontent
=337  \\$acomputer$2rdamedia
=338  \\$aonline resource$2rdacarrier
=504  \\$aIncludes bibliographical references and index.
=505  0\$apt. 1. Introduction, 1688-1914 -- pt. 2. The gentlemanly order, 1850-1914 -- pt. 3. pt. 3. The wider world, 1815-1914 -- pt. 4. Redividing the world -- pt. 5. The empire in the twentieth century -- pt. 6. The gentlemanly order, 1914-39 -- pt. 7. The wider world, 1914-49 -- pt. 8. Losing an empire and finding a role, 1939-2000.
=530  \\$aAlso available in print format.
=651  \0$aGreat Britain$xColonies$xHistory.
=655  \7$aElectronic books.$2lcsh
=700  1\$aHopkins, A. G.$q(Antony G.)
=776  08$iPrint version: $z9781138817722(Hardback)$w 2015034345
=793  0\$aTaylor & Francis online monographs (UCSD)
=856 40$zTaylor & Francis. Restricted to UCSD IP addresses.$uhttps://www.taylorfrancis.com/books/9781317389255

