=LDR  02861cam a2200505Ii 4500
=001  TF9781315568942
=003  FlBoTFG
=005  20180331102445.0
=006  m\\\\\o\\d\\\\\\\\
=007  cr\\\\\\\\\\\\
=008  180331s2017\\\\enka\\\\ob\\\\001\0\eng\d
=020  \\$a9781317175513 (e-book: PDF)$q(e-book : PDF)
=020  \\$z9781317175513$q(e-book: PDF)
=020  \\$z9781317175490$q(e-book: Mobi)
=020  \\$z9781472464804$q(hardback)
=020  \\$a9781315568942 (e-book)
=020  \\$a9781317175490 (e-book: Mobi)
=020  \\$a9781472464804 (hardback)
=024  7\$a10.4324/9781315568942 $2doi
=035  \\$a(OCoLC)970384287
=040  \\$aFlBoTFG$cFlBoTFG$erda$beng
=043  \\$ae------$aaw-----$aff-----
=050  \4$aDG91$b.C47 2017
=082  04$a305.230937$bC536
=245  00$aChildren and everyday life in the Roman and late antique world /$cedited by Christian Laes and Ville Vuolanto.
=264  \1$aLondon ;$aNew York :$bRoutledge,$c©2017.
=300  \\$a1 online resource (viii, 259  pages) :$billustrations, text file, PDF
=336  \\$atext$2rdacontent
=337  \\$acomputer$2rdamedia
=338  \\$aonline resource$2rdacarrier
=504  \\$aIncludes bibliographical references and index.
=505  0\$apt. 1. Setting the scene : experiences and environments -- pt. 2. What did the Roman children actually do? -- pt. 3. Religious practices and sacred spaces -- pt. 4. A cruel world : accidents, disability and death -- Epilogue.
=520  2\$a"Children and Everyday Life in the Roman and Late Antique World explores what it meant to be a child in the Roman world--what were children's concerns, interests and beliefs--and whether we can find traces of children's own cultures. By combining different theoretical approaches and source materials, the contributors explore the environments in which children lived, their experience of everyday life, and what the limits were for their agency. The volume brings together scholars of archaeology and material culture, classicists, ancient historians, theologians, and scholars of early Christianity and Judaism, all of whom have long been involved in the study of the social and cultural history of children"--Provided by publisher.
=530  \\$aAlso available in print edition.
=538  \\$aMode of access: World Wide Web.
=650  \0$aChildren$zRome$xHistory.
=650  \0$aChildren$zRome$xSocial conditions.
=650  \0$aChildren$zRome$xSocial life and customs.
=651  \0$aRome$xSocial conditions.
=651  \0$aRome$xSocial life and customs.
=655  \7$aElectronic books.$2lcsh
=700  1\$aLaes, Christian.
=700  1\$aVuolanto, Ville.
=776  08$iPrint version: $z9781472464804(Hardback)$w 2016019195
=793  0\$aTaylor & Francis online monographs (UCSD)
=856 40$zTaylor & Francis. Restricted to UCSD IP addresses.$uhttps://www.taylorfrancis.com/books/9781317175513

