=LDR  02572cam a2200589Ii 4500
=001  TF9781315611273
=003  FlBoTFG
=005  20180331102445.0
=006  m\\\\\o\\d\\\\\\\\
=007  cr\\\\\\\\\\\\
=008  180331r20162014enk\\\\\ob\\\\001\0\eng\d
=020  \\$a9781317048527 (e-book: PDF)$q(e-book : PDF)
=020  \\$z9781317048527$q(e-book: PDF)
=020  \\$z9781317048510$q(e-book: ePub)
=020  \\$z9781317048503$q(e-book: Mobi)
=020  \\$z9781472418739$q(hardback)
=020  \\$a9781315611273 (e-book)
=020  \\$a9781317048503 (e-book: Mobi)
=020  \\$a9781317048510 (e-book: ePub)
=020  \\$a9781472418739 (hardback)
=024  7\$a10.4324/9781315611273 $2doi
=035  \\$a(OCoLC)950005230
=040  \\$aFlBoTFG$cFlBoTFG$erda$beng
=041  1\$aeng$hita
=043  \\$ae-it---
=050  \4$aRB150.S84$bD6613 2016
=082  04$a618.92026$bD677
=100  1\$aDonato, Maria Pia.,$eauthor.
=240  10$aMorti improvvise.$lEnglish
=245  10$aSudden death :$bmedicine and religion in eighteenth-century Rome /$cMaria Pia Donato ; translated by Valentina Mazzei.
=264  \1$aLondon :$bRoutledge,$c©2016.
=300  \\$a1 online resource :$btext file, PDF
=336  \\$atext$2rdacontent
=337  \\$acomputer$2rdamedia
=338  \\$aonline resource$2rdacarrier
=490  1\$aThe history of medicine in context
=500  \\$aFirst published 2014 by Ashgate Publishing.
=500  \\$aTranslation of: Morti improvvise / Maria Pia Donato. Roma : Carocci, c2010.
=504  \\$aIncludes bibliographical references and index.
=505  0\$apt. I. Sudden death and the physician's role in society -- pt. II. Sudden death in medical theory and practice -- pt. III. The lost and the saved : sudden death as an ethical and religious issue.
=530  \\$aAlso available in print edition.
=538  \\$aMode of access: World Wide Web.
=600  10$aLancisi, Giovanni Maria,$d1654-1720.$tDe subitaneis mortibus.
=650  \0$aDeath$xReligious aspects$xCatholic Church$xHistory of doctrines$y18th century.
=650  \0$aMedicine$xReligious aspects$xHistory$y18th century.
=650  \0$aMedicine$zItaly$zRome$xHistory$y18th century.
=650  \0$aSudden death$xHistory$y18th century.
=655  \7$aElectronic books.$2lcsh
=700  1\$aMazzei, Valentina.
=776  08$iPrint version: $z9781472418739(Hardback)$w 2014012045
=793  0\$aTaylor & Francis online monographs (UCSD)
=830  \0$aHistory of medicine in context.
=856 40$zTaylor & Francis. Restricted to UCSD IP addresses.$uhttps://www.taylorfrancis.com/books/9781317048527

