=LDR  02373cam a2200529Ii 4500
=001  TF9781315532691
=003  FlBoTFG
=005  20180331102445.0
=006  m\\\\\o\\d\\\\\\\\
=007  cr\\\\\\\\\\\\
=008  180331s2017\\\\enkab\\\ob\\\\001\0\eng\d
=020  \\$a9781315532684 (e-book: PDF)$q(e-book : PDF)
=020  \\$z9781315532684$q(e-book: PDF)
=020  \\$z9781315532660$q(e-book: Mobi)
=020  \\$z9781138692299$q(hardback)
=020  \\$z9781138604650$q(paperback)
=020  \\$a9781315532691 (e-book)
=020  \\$a9781315532660 (e-book: Mobi)
=020  \\$a9781138692299 (hardback)
=020  \\$a9781138604650 (paperback)
=024  7\$a10.4324/9781315532691 $2doi
=035  \\$a(OCoLC)970389903
=040  \\$aFlBoTFG$cFlBoTFG$erda$beng
=043  \\$aa-cc-hk
=050  \4$aHN752.5$b.C35 2017
=082  04$a322.4095125$bC133
=100  1\$aCai, Yongshun.,$eauthor.
=245  14$aThe Occupy Movement in Hong Kong :$bsustaining decentralized protest /$cYongshun Cai.
=264  \1$aLondon ;$aNew York :$bRoutledge,$c©2017.
=300  \\$a1 online resource (xxxii, 110  pages) :$billustrations, text file, PDF
=336  \\$atext$2rdacontent
=337  \\$acomputer$2rdamedia
=338  \\$aonline resource$2rdacarrier
=490  1\$aRoutledge contemporary China series ;$v157
=504  \\$aIncludes bibliographical references and index.
=505  0\$a1. Sustaining social movements -- 2. Background of the Occupy Movement -- 3. Movement legitimacy and government response -- 4. Determined participants and movement sustainability -- 5. Leadership of the movement -- 6. Tactical escalation and its limitations -- 7. Sustained movement and the consequences.
=530  \\$aAlso available in print format.
=538  \\$aMode of access: World Wide Web.
=650  \0$aOccupy movement$zChina$zHong Kong.
=650  \0$aPolitical participation$zChina$zHong Kong.
=650  \0$aProtest movements$zChina$zHong Kong.
=650  \0$aSocial movements$zChina$zHong Kong.
=651  \0$aHong Kong (China)$xPolitics and government$y1997-
=655  \7$aElectronic books.$2lcsh
=776  08$iPrint version: $z9781138692299(Hardback)$w 2016013849
=793  0\$aTaylor & Francis online monographs (UCSD)
=830  \0$aRoutledge contemporary China series ;$v157.
=856 40$zTaylor & Francis. Restricted to UCSD IP addresses.$uhttps://www.taylorfrancis.com/books/9781315532684

