=LDR  02369cam a2200541Ii 4500
=001  TF9781315546919
=003  FlBoTFG
=005  20180331102445.0
=006  m\\\\\o\\d\\\\\\\\
=007  cr\\\\\\\\\\\\
=008  180331s2016\\\\enka\\\\ob\\\\001\0\eng\d
=020  \\$a9781134771912 (e-book: PDF)$q(e-book : PDF)
=020  \\$z9781134771912$q(e-book: PDF)
=020  \\$z9781134771981$q(e-book: ePub)
=020  \\$z9781134772056$q(e-book: Mobi)
=020  \\$z9781472478269$q(hardback)
=020  \\$a9781315546919 (e-book)
=020  \\$a9781134772056 (e-book: Mobi)
=020  \\$a9781134771981 (e-book: ePub)
=020  \\$a9781472478269 (hardback)
=024  7\$a10.4324/9781315546919 $2doi
=035  \\$a(OCoLC)951623751
=040  \\$aFlBoTFG$cFlBoTFG$erda$beng
=043  \\$ae-uk-en
=050  \4$aPR914$b.W66 2016
=082  04$a826.0099287$bW872
=245  00$aWomen and epistolary agency in early modern culture, 1450-1690 /$cedited by James Daybell and Andrew Gordon.
=264  \1$aLondon ;$aNew York :$bRoutledge,$c©2016.
=300  \\$a1 online resource (193 pages) :$billustrations, text file, PDF
=336  \\$atext$2rdacontent
=337  \\$acomputer$2rdamedia
=338  \\$aonline resource$2rdacarrier
=490  1\$aWomen and gender in the early modern world
=504  \\$aIncludes bibliographical references and index.
=505  0\$apt. 1. Objects of study : constructing women's letters -- pt. 2. Voices of authority : letters of counsel and advice -- pt. 3. Networks and negotiations : the social relations of correspondence.
=530  \\$aAlso available in print format.
=538  \\$aMode of access: World Wide Web.
=650  \0$aEnglish letters$xWomen authors$xHistory and criticism.
=650  \0$aEnglish prose literature$xWomen authors$xHistory and criticism.
=650  \0$aLetter writing$xHistory$y16th century.
=650  \0$aLetter writing$xHistory$y17th century.
=650  \0$aWomen authors, English$y18th century$vCorrespondence.
=655  \7$aElectronic books.$2lcsh
=700  1\$aDaybell, James,$d1972-
=700  1\$aGordon, Andrew,$d1969-
=776  08$iPrint version: $z9781472478269(Hardback)$w 2015045582
=793  0\$aTaylor & Francis online monographs (UCSD)
=830  \0$aWomen and gender in the early modern world.
=856 40$zTaylor & Francis. Restricted to UCSD IP addresses.$uhttps://www.taylorfrancis.com/books/9781134771912

