=LDR  02229cam a2200469Ii 4500
=001  TF9781315520575
=003  FlBoTFG
=005  20180331111825.0
=006  m\\\\\o\\d\\\\\\\\
=007  cr\\\\\\\\\\\\
=008  180331s2017\\\\nyua\\\\ob\\\\001\0\eng\d
=020  \\$a9781315520568 (e-book: PDF)$q(e-book : PDF)
=020  \\$z9781315520568$q(e-book: PDF)
=020  \\$z9781315520544$q(e-book: Mobi)
=020  \\$z9781138859937$q(hardback)
=020  \\$z9781138859944$q(paperback)
=020  \\$a9781315520575 (e-book)
=020  \\$a9781315520544 (e-book: Mobi)
=020  \\$a9781138859937 (hardback)
=020  \\$a9781138859944 (paperback)
=024  7\$a10.4324/9781315520575 $2doi
=035  \\$a(OCoLC)970389514
=040  \\$aFlBoTFG$cFlBoTFG$erda$beng
=050  \4$aHM1041$b.S6234 2017
=082  04$a302.12$bS678
=245  00$aSocial cognition :$bdevelopment across the life span /$cedited by Jessica A. Sommerville and Jean Decety.
=264  \1$aNew York ;$aLondon :$bRoutledge,$c©2017.
=300  \\$a1 online resource (xvii, 329 pages) :$billustrations, text file, PDF
=336  \\$atext$2rdacontent
=337  \\$acomputer$2rdamedia
=338  \\$aonline resource$2rdacarrier
=490  0\$aFrontiers of developmental science
=504  \\$aIncludes bibliographical references and index.
=505  0\$apt. 1. Change and continuity in social cognition : cross-species aspects of social cognition and behavior -- pt. 2. Change and continuity in social cognition across the life span : starting states and the role of experience -- pt. 3. Change and continuity in social cognition across the life span : social cognition and social learning in childhood -- pt. 4. Change and continuity in social cognition across the life span : social cognition and social behavior.
=530  \\$aAlso available in print format.
=650  \0$aSocial cognitive theory.
=650  \0$aSocial perception.
=655  \7$aElectronic books.$2lcsh
=700  1\$aDecety, Jean.
=700  1\$aSommerville, Jessica A.
=776  08$iPrint version: $z9781138859937(Hardback)$w  2016011302
=793  0\$aTaylor & Francis online monographs (UCSD)
=856 40$zTaylor & Francis. Restricted to UCSD IP addresses.$uhttps://www.taylorfrancis.com/books/9781315520568

