=LDR  02874cam a2200541Ii 4500
=001  TF9781315742434
=003  FlBoTFG
=005  20180331111825.0
=006  m\\\\\o\\d\\\\\\\\
=007  cr\\\\\\\\\\\\
=008  180331s2015\\\\enk\\\\\ob\\\\001\0\eng\d
=020  \\$a9781317586111 (e-book: PDF)$q(e-book : PDF)
=020  \\$z9781317586111$q(e-book: PDF)
=020  \\$z9781317586104$q(e-book: ePub)
=020  \\$z9781317586098$q(e-book: Mobi)
=020  \\$z9781138822634$q(hardback)
=020  \\$z9780815357919$q(paperback)
=020  \\$a9781315742434 (e-book)
=020  \\$a9781317586098 (e-book: Mobi)
=020  \\$a9781317586104 (e-book: ePub)
=020  \\$a9781138822634 (hardback)
=020  \\$a9780815357919 (paperback)
=024  7\$a10.4324/9781315742434 $2doi
=035  \\$a(OCoLC)898475154
=040  \\$aFlBoTFG$cFlBoTFG$erda$beng
=043  \\$an-us---$aa------
=050  \4$aDS33.4.U6$bN48 2015
=082  04$a327.7305$bN532
=245  04$aThe new US strategy towards Asia :$badapting to the American pivot /$cedited by William T. Tow and Douglas Stuart.
=264  \1$aLondon ;$aNew York :$bRoutledge,$c©2015.
=300  \\$a1 online resource (xiv, 221 pages) :$btext file, PDF
=336  \\$atext$2rdacontent
=337  \\$acomputer$2rdamedia
=338  \\$aonline resource$2rdacarrier
=490  1\$aRoutledge security in Asia Pacific series ;$v30
=504  \\$aIncludes bibliographical references and index.
=505  0\$apt. 1. Asia's place in America's global strategy -- pt. 2. Northeast Asian partners and allies -- pt. 3. Southeast Asian partners and allies -- pt. 4. The wider Indo-Pacific region.
=520  \\$a"Barack Obama's "rebalancing strategy" or "pivot strategy", intended to demonstrate continued US commitment to the Asia Pacific region in a variety of military, economic and diplomatic contexts, was launched with much fanfare in 2011. Implicit in the new strategy is a focus on China and also a US relience on existing regional allies to implement its strategy. This book explores the impact of the new strategy on the US's allies in the region, and the allies' responses. Overall, the book outlines the deep complexities of the United States' exercise of power and influence in the region"--$cProvided by publisher.
=530  \\$aAlso available in print format.
=651  \0$aAsia$xForeign relations$zUnited States.
=651  \0$aUnited States$xForeign relations$y2009-
=651  \0$aUnited States$xForeign relations$zAsia.
=655  \7$aElectronic books.$2lcsh
=700  1\$aStuart, Douglas T.
=700  1\$aTow, William T.
=776  08$iPrint version: $z9781138822634$q(Hardback)$w(DLC) 2014027859
=793  0\$aTaylor & Francis online monographs (UCSD)
=830  \0$aRoutledge security in Asia Pacific series ;$v30.
=856 40$zTaylor & Francis. Restricted to UCSD IP addresses.$uhttps://www.taylorfrancis.com/books/9781317586111

