=LDR  02716cam a2200481Ii 4500
=001  TF9781315685762
=003  FlBoTFG
=005  20180331111825.0
=006  m\\\\\o\\d\\\\\\\\
=007  cr\\\\\\\\\\\\
=008  180331s2017\\\\nyu\\\\\ob\\\\001\0\eng\d
=020  \\$a9781317413141 (e-book: PDF)$q(e-book : PDF)
=020  \\$z9781317413141$q(e-book: PDF)
=020  \\$z9781317413127$q(e-book: Mobi)
=020  \\$z9781138922624$q(hardback)
=020  \\$z9781138922631$q(paperback)
=020  \\$a9781315685762 (e-book)
=020  \\$a9781317413127 (e-book: Mobi)
=020  \\$a9781138922624 (hardback)
=020  \\$a9781138922631 (paperback)
=024  7\$a10.4324/9781315685762 $2doi
=035  \\$a(OCoLC)965196831
=040  \\$aFlBoTFG$cFlBoTFG$erda$beng
=050  \4$aLC196$b.P677 2017
=082  04$a370.115$bP887
=245  00$aPower and privilege in the learning sciences :$bcritical and sociocultural theories of learning /$cedited by Indigo Esmonde and Angela N. Booker.
=264  \1$aNew York ;$aLondon :$bRoutledge,$c©2017.
=300  \\$a1 online resource (xvii, 181 pages) :$btext file, PDF
=336  \\$atext$2rdacontent
=337  \\$acomputer$2rdamedia
=338  \\$aonline resource$2rdacarrier
=504  \\$aIncludes bibliographical references and index.
=505  0\$a1. Introduction / Indigo Esmonde and Angela N. Booker -- 2. Power and sociocultural theories of learning / Indigo Esmonde -- 3. Interfaces between critical race theory and sociocultural perspectives / Eileen R. Carlton Parsons -- 4. Learning discourses of race and mathematics in classroom interaction : a poststructural perspective / Niral Shah and Zeus Leonardo -- 5. On the complementarity of cultural historical psychology and contemporary disability studies / Peter Smagorinsky, Michael Cole, and Lucia Willadino Braga -- 6. Queer theory in the learning sciences / Jacob McWilliams and William R. Penuel -- 7. Towards an ethic of decolonial trans-ontologies in sociocultural theories of learning and development / Megan Bang -- 8. Critical pedagogy and sociocultural theory / Shirin Vossoughi and Kris D. Gutierrez -- 9. Toward critical sociocultural theories of learning / Indigo Esmonde and Angela N. Booker.
=530  \\$aAlso available in print format.
=650  \0$aCritical pedagogy.
=650  \0$aEducational sociology.
=650  \0$aLearning.
=650  \0$aPower (Social sciences)
=655  \7$aElectronic books.$2lcsh
=700  1\$aBooker, Angela N.
=700  1\$aEsmonde, Indigo.
=776  08$iPrint version: $z9781138922624(Hardback)$w 2016033787
=793  0\$aTaylor & Francis online monographs (UCSD)
=856 40$zTaylor & Francis. Restricted to UCSD IP addresses.$uhttps://www.taylorfrancis.com/books/9781317413141

