=LDR  04124cam a2200481Ii 4500
=001  TF9781351801997
=003  FlBoTFG
=005  20180330125217.0
=006  m\\\\\o\\d\\\\\\\\
=007  cr\\\\\\\\\\\\
=008  180331s2018\\\\enka\\\\ob\\\\001\0\eng\d
=020  \\$a9781351801997$q(e-book: PDF)
=020  \\$z9781315207889$q(e-book)
=020  \\$z9781351801973$q(e-book: Mobi)
=020  \\$z9781138633131$q(hardback)
=020  \\$a9781315207889 (e-book)
=020  \\$a9781351801973 (e-book: Mobi)
=020  \\$a9781138633131 (hardback)
=024  7\$a10.4324/9781315207889 $2doi
=035  \\$a(OCoLC)993950788
=040  \\$aDLC$beng$dFlBoTFG$erda$cDLC
=050  \4$aML3918.P67$bJ64 2018
=082  04$a006.7876$bJ653
=100  1\$aJohansson, Sofia,$eauthor.
=245  10$aStreaming music :$bpractices, media, cultures /$cSofia Johansson, Ann Werner, Patrik Aker and Gregory Goldenzwaig.
=264  \1$aAbingdon, Oxon ;$aNew York, NY :$bRoutledge,$c©2018.
=300  \\$a1 online resource (vi, 178 pages) :$billustrations, text file, PDF
=336  \\$atext$btxt$2rdacontent
=337  \\$acomputer$bc$2rdamedia
=338  \\$aonline resource$bcr$2rdacarrier
=504  \\$aIncludes bibliographical references and index.
=505  00$tchapter Introduction: fields of research /$rSOFIA JOHANSSON -- $tchapter 1 Music, the Internet, streaming: ongoing debates /$rSOFIA JOHANSSON -- $tpart PART I Practices -- $tchapter 2 Online music in everyday life: contexts and practices /$rSOFIA JOHANSSON -- $tchapter 3 Music as part of connectivity culture /$rSOFIA JOHANSSON -- $tchapter 4 Clouds, streams, materiality: perceptions of musical value in the age of abundance /$rGREGORY GOLDENZWAIG -- $tpart PART II Platforms -- $tchapter 5 Spotify as the soundtrack to your life: encountering music in the customized archive /$rPATRIK ÅKER -- $tchapter 6 VK and music in the social network: an expression of a post-recorded culture /$rPATRIK ÅKER -- $tchapter 7 YouTube and music video streaming: participation, intermediation and spreadability /$rANN WERNER -- $tchapter 8 Phones, applications, mobility: framing music use on the go /$rANN WERNER.
=520  \\$a"Streaming Music examines how the Internet has become integrated in contemporary music use, by focusing on streaming as a practice and a technology for music consumption. The backdrop to this enquiry is the digitization of society and culture, where the music industry has undifergone profound disruptions, and where music streaming has altered listening modes and meanings of music in everyday life. The objective of Streaming Music is to shed light on what these transformations mean for listeners, by looking at their adaptation in specific cultural contexts, but also by considifering how online music platforms and streaming services guide music listeners in specific ways. Drawing on case studies from Moscow and Stockholm, and providing analysis of Spotify, VK and YouTube as popular but distinct sites for music, Streaming Music discusses, through a qualitative, cross-cultural, study, questions around music and value, music sharing, modes of engaging with music, and the way that contemporary music listening is increasingly part of mobile, automated and computational processes. Offering a nuanced perspective on these issues, it adds to research about music and digital media, shedding new light on music cultures as they appear today. As such, this volume will appeal to scholars of media, sociology and music with interests in digital technologies."--Provided by publisher.
=530  \\$aAlso available in print format.
=650  \0$aMusic and the Internet.
=650  \0$aPopular music$xSocial aspects.
=650  \0$aStreaming audio$xSocial aspects.
=655  \7$aElectronic books.$2lcsh
=700  1\$aAker, Patrik,$d1967-$eauthor.
=700  1\$aGoldenzwaig, Gregory,$eauthor.
=700  1\$aWerner, Ann,$d1976-$eauthor.
=776  08$iPrint version: $z9781138633131(Hardback)$w 2017012479
=793  0\$aTaylor & Francis online monographs (UCSD)
=856 40$zTaylor & Francis. Restricted to UCSD IP addresses.$uhttps://www.taylorfrancis.com/books/9781351801997

