=LDR  01832cam a2200469Ii 4500
=001  TF9781315628981
=003  FlBoTFG
=005  20180331111825.0
=006  m\\\\\o\\d\\\\\\\\
=007  cr\\\\\\\\\\\\
=008  180331s2017\\\\enk\\\\\ob\\\\001\0deng\d
=020  \\$a9781317242673 (e-book: PDF)$q(e-book : PDF)
=020  \\$z9781317242673$q(e-book: PDF)
=020  \\$z9781317242659$q(e-book: Mobi)
=020  \\$z9781138644175$q(hardback)
=020  \\$a9781315628981 (e-book)
=020  \\$a9781317242659 (e-book: Mobi)
=020  \\$a9781138644175 (hardback)
=024  7\$a10.4324/9781315628981 $2doi
=035  \\$a(OCoLC)973222914
=040  \\$aFlBoTFG$cFlBoTFG$erda$beng
=043  \\$aa-cc---
=050  \4$aJZ1734$b.C578 2017
=082  04$a327.51$bC539
=245  00$aChinese foreign policy under Xi /$cedited by Hoo Tiang Boon.
=264  \1$aLondon ;$aNew York, N.Y. :$bRoutledge,$c©2017.
=300  \\$a1 online resource (viii, 215 pages) :$btext file, PDF
=336  \\$atext$2rdacontent
=337  \\$acomputer$2rdamedia
=338  \\$aonline resource$2rdacarrier
=490  1\$aPolitics in Asia series
=504  \\$aIncludes bibliographical references and index.
=505  0\$apt. I. The domestic context -- pt. II. New type of major power relations -- pt. III. Regions -- pt. IV. Global issues.
=530  \\$aAlso available in print format.
=600  10$aXi, Jinping.
=651  \0$aChina$xForeign relations$y21st century.
=651  \0$aChina$xPolitics and government$y2002-
=655  \7$aElectronic books.$2lcsh
=700  1\$aHoo, Tiang Boon,$d1977-
=776  08$iPrint version: $z9781138644175(Hardback)$w 2016041908
=793  0\$aTaylor & Francis online monographs (UCSD)
=830  \0$aPolitics in Asia series.
=856 40$zTaylor & Francis. Restricted to UCSD IP addresses.$uhttps://www.taylorfrancis.com/books/9781317242673

