=LDR  01993cam a2200505Ii 4500
=001  TF9781315700670
=003  FlBoTFG
=005  20180331111825.0
=006  m\\\\\o\\d\\\\\\\\
=007  cr\\\\\\\\\\\\
=008  180331r20152005enka\\\\ob\\\\001\0\eng\d
=020  \\$a9781317459569 (e-book: PDF)$q(e-book : PDF)
=020  \\$z9781317459569$q(e-book: PDF)
=020  \\$z9781317459552$q(e-book: ePub)
=020  \\$z9781317459545$q(e-book: Mobi)
=020  \\$z9780765614186$q(hardback)
=020  \\$z9780765614193$q(paperback)
=020  \\$a9781315700670 (e-book)
=020  \\$a9781317459545 (e-book: Mobi)
=020  \\$a9781317459552 (e-book: ePub)
=020  \\$a9780765614186 (hardback)
=020  \\$a9780765614193 (paperback)
=024  7\$a10.4324/9781315700670 $2doi
=035  \\$a(OCoLC)958107402
=040  \\$aFlBoTFG$cFlBoTFG$erda$beng
=043  \\$aaz-----$aa-cc---
=050  \4$aUA832.7$b.S68 2015
=082  04$a355.02170954$bS726
=245  00$aSouth Asia's nuclear security dilemma :$bIndia, Pakistan, and China /$cLowell Dittmer, editor.
=264  \1$aAbingdon, Oxon :$bRoutledge,$c©2015.
=300  \\$a1 online resource (xxi, 274 pages) :$billustrations, text file, PDF
=336  \\$atext$2rdacontent
=337  \\$acomputer$2rdamedia
=338  \\$aonline resource$2rdacarrier
=500  \\$aAn East Gate book.
=500  \\$aFirst published 2005 by M.E. Sharpe.
=504  \\$aIncludes bibliographical references and index.
=505  0\$apt. 1. The political economy of minimal deterrence -- pt. 2. The power structure of the region.
=530  \\$aAlso available in print format.
=650  \0$aNational security$zSouth Asia.
=650  \0$aNuclear weapons$zChina.
=655  \7$aElectronic books.$2lcsh
=700  1\$aDittmer, Lowell.
=776  08$iPrint version: $z9780765614186$q(Hardback)$w(DLC) 2004019294
=793  0\$aTaylor & Francis online monographs (UCSD)
=856 40$zTaylor & Francis. Restricted to UCSD IP addresses.$uhttps://www.taylorfrancis.com/books/9781317459569

