=LDR  02229cam a2200517Ii 4500
=001  TF9781315246437
=003  FlBoTFG
=005  20180330125217.0
=006  m\\\\\o\\d\\\\\\\\
=007  cr\\\\\\\\\\\\
=008  180331r20162008enka\\\\ob\\\\001\0\eng\d
=020  \\$a9781351910040 (e-book: PDF)$q(e-book : PDF)
=020  \\$z9781351910040$q(e-book: PDF)
=020  \\$z9781351910026$q(e-book: Mobi)
=020  \\$z9781840142426$q(hardback)
=020  \\$z9781138276710$q(paperback)
=020  \\$a9781315246437 (e-book)
=020  \\$a9781351910026 (e-book: Mobi)
=020  \\$a9781840142426 (hardback)
=020  \\$a9781138276710 (paperback)
=024  7\$a10.4324/9781315246437 $2doi
=035  \\$a(OCoLC)965444378
=040  \\$aFlBoTFG$cFlBoTFG$erda$beng
=043  \\$ae-uk---
=050  \4$aPR990$b.P67 2016
=082  04$a820.99282$bP831
=245  00$aPopular children's literature in Britain /$cedited by Julia Briggs [died], Dennis Butts, M.O. Grenby.
=264  \1$aLondon ;$aNew York :$bRoutledge,$c©2016.
=300  \\$a1 online resource (xiv, 342 pages) :$billustrations, text file, PDF
=336  \\$atext$btxt$2rdacontent
=337  \\$acomputer$bc$2rdamedia
=338  \\$aonline resource$bcr$2rdacarrier
=500  \\$a"Firs tpublished 2008 by Ashgate Publishing"--t.p. verso.
=504  \\$aIncludes bibliographical references and index.
=505  0\$apt. 1. Old tales retold -- pt. 2. Forgotten favourites -- pt. 3. Popular instruction, popularity imposed -- pt. 4. The famous three : Blyton, Dahl and Rowling.
=530  \\$aAlso available in print format.
=650  \0$aChildren$xBooks and reading$zGreat Britain.
=650  \0$aChildren's literature, English$xHistory and criticism.
=650  \0$aLiterature and society$zGreat Britain$xHistory.
=650  \0$aPopular literature$zGreat Britain$xHistory and criticism.
=655  \7$aElectronic books.$2lcsh
=700  1\$aBriggs, Julia.
=700  1\$aButts, Dennis,$d1932-
=700  1\$aGrenby, M. O.$q(Matthew Orville),$d1970-
=776  08$iPrint version: $z9781840142426(Hardback)$w 2007030557
=793  0\$aTaylor & Francis online monographs (UCSD)
=856 40$zTaylor & Francis. Restricted to UCSD IP addresses.$uhttps://www.taylorfrancis.com/books/9781351910040

