=LDR  01926cam a2200493Ii 4500
=001  TF9781315745749
=003  FlBoTFG
=005  20180331111825.0
=006  m\\\\\o\\d\\\\\\\\
=007  cr\\\\\\\\\\\\
=008  180331s2016\\\\enka\\\\ob\\\\001\0\eng\d
=020  \\$a9781317596257 (e-book: PDF)$q(e-book : PDF)
=020  \\$z9781317596257$q(e-book: PDF)
=020  \\$z9781317596240$q(e-book: ePub)
=020  \\$z9781317596233$q(e-book: Mobi)
=020  \\$z9781138817197$q(hardback)
=020  \\$a9781315745749 (e-book)
=020  \\$a9781317596233 (e-book: Mobi)
=020  \\$a9781317596240 (e-book: ePub)
=020  \\$a9781138817197 (hardback)
=024  7\$a10.4324/9781315745749 $2doi
=035  \\$a(OCoLC)958100335
=040  \\$aFlBoTFG$cFlBoTFG$erda$beng
=050  \4$aHD9000.5$b.R68 2016
=082  04$a338.19$bR869
=245  00$aRoutledge handbook of food and nutrition security /$cedited by Bill Pritchard, Rodomiro Ortiz and Meera Shekar.
=264  \1$aLondon ;$aNew York :$bRoutledge,$c©2016.
=300  \\$a1 online resource (xvii, 524 pages) :$billustrations, text file, PDF
=336  \\$atext$2rdacontent
=337  \\$acomputer$2rdamedia
=338  \\$aonline resource$2rdacarrier
=500  \\$a"earthscan from Routledge"--t.p.
=504  \\$aIncludes bibliographical references and index.
=505  0\$apt. 1. Food availability -- pt. 2. Economic and social access to food -- pt. 3. Food utilization.
=530  \\$aAlso available in print format.
=650  \0$aFood security.
=650  \0$aFood supply.
=650  \0$aNutrition policy.
=655  \7$aElectronic books.$2lcsh
=700  1\$aOrtiz, Rodomiro.
=700  1\$aPritchard, Bill.
=700  1\$aShekar, Meera.
=776  08$iPrint version: $z9781138817197$q(Hardback)$w(DLC) 2015040323
=793  0\$aTaylor & Francis online monographs (UCSD)
=856 40$zTaylor & Francis. Restricted to UCSD IP addresses.$uhttps://www.taylorfrancis.com/books/9781317596257

