=LDR  02121cam a2200505Ii 4500
=001  TF9781135007911
=003  FlBoTFG
=005  20180331111825.0
=006  m\\\\\o\\d\\\\\\\\
=007  cr\\\\\\\\\\\\
=008  180331s2015\\\\nyu\\\\\ob\\\\001\0\eng\d
=020  \\$a9781135007911$q(e-book: PDF)
=020  \\$z9780203736319$q(e-book : PDF)
=020  \\$z9781138856363$q(paperback)
=020  \\$z9780415855464$q(hardback)
=020  \\$z9781135007904$q(e-book: ePub)
=020  \\$z9781135007898$q(e-book: Mobi)
=020  \\$a9780203736319 (e-book)
=020  \\$a9781135007898 (e-book: Mobi)
=020  \\$a9781135007904 (e-book: ePub)
=020  \\$a9780415855464 (hardback)
=020  \\$a9781138856363 (paperback)
=024  7\$a10.4324/9780203736319 $2doi
=035  \\$a(OCoLC)905599976
=040  \\$aFlBoTFG$cFlBoTFG$erda$beng
=050  \4$aML3916$b.R676 2015
=082  04$a306.4842$bR869
=245  04$aThe Routledge reader on the sociology of music /$cJohn Shepherd and Kyle Devine.
=246  30$aReader on the sociology of music
=264  \1$aNew York, N.Y. ;$aAbingdon, Oxon :$bRoutledge,$c©2015.
=300  \\$a1 online resource (xvi, 386 pages) :$btext file, PDF
=336  \\$atext$2rdacontent
=337  \\$acomputer$2rdamedia
=338  \\$aonline resource$2rdacarrier
=504  \\$aIncludes bibliographical references and index.
=505  0\$asection 1. Source readings : forerunners and founding figures -- section 2. Approaches, sites, and debates -- section 3. Politics, social issues, and musical cultures -- section 4. Industries and institutions -- section 5. Technology and mediation -- section 6. New directions.
=530  \\$aAlso available in print format.
=650  \0$aArts and society.
=650  \0$aMusic$xSocial aspects.
=650  \0$aSociology.
=655  \7$aElectronic books.$2lcsh
=700  1\$aDevine, Kyle.
=700  1\$aShepherd, John,$d1947-
=776  08$iPrint version: $z9780415855464(Hardback)$w(DLC) 2015005915
=793  0\$aTaylor & Francis online monographs (UCSD)
=856 40$zTaylor & Francis. Restricted to UCSD IP addresses.$uhttps://www.taylorfrancis.com/books/9781135007911

