=LDR  02087cam a2200469Ii 4500
=001  TF9781315660257
=003  FlBoTFG
=005  20180331111825.0
=006  m\\\\\o\\d\\\\\\\\
=007  cr\\\\\\\\\\\\
=008  180331s2017\\\\nyua\\\\obf\\\001\0\eng\d
=020  \\$a9781317336532 (e-book: PDF)$q(e-book : PDF)
=020  \\$z9781317336532$q(e-book: PDF)
=020  \\$z9781317336518$q(e-book: Mobi)
=020  \\$z9781138960558$q(hardback)
=020  \\$z9781138960541$q(paperback)
=020  \\$a9781315660257 (e-book)
=020  \\$a9781317336518 (e-book: Mobi)
=020  \\$a9781138960558 (hardback)
=020  \\$a9781138960541 (paperback)
=024  7\$a10.4324/9781315660257 $2doi
=035  \\$a(OCoLC)964404575
=040  \\$aFlBoTFG$cFlBoTFG$erda$beng
=050  \4$aPN2086$b.A45 2017
=082  04$a792.025$bR845
=100  1\$aRoth, Emily.,$eauthor.
=245  10$aStage management basics :$ba primer for performing arts stage managers /$cEmily Roth, Jonathan Allender-Zivic, Katy McGlaughlin.
=264  \1$aNew York :$bRoutledge,$c©2017.
=300  \\$a1 online resource (ix, 187 pages) :$billustrations, text file, PDF
=336  \\$atext$2rdacontent
=337  \\$acomputer$2rdamedia
=338  \\$aonline resource$2rdacarrier
=500  \\$a"A Focal Press book."
=504  \\$aIncludes bibliographical references and index.
=505  0\$a1. The psychology of stage managing -- 2. Preliminary steps -- 3. The theater -- 4. Safety -- 5. Auditions -- 6. Pre-production -- 7. Meetings -- 8. Rehearsals -- 9. Publicity -- 10. Prior to tech -- 11. Tech rehearsals -- 12. Dress rehearsals -- 13. Prior to opening night -- 14. Performances.
=530  \\$aAlso available in print format.
=650  \0$aStage management$vHandbooks, manuals, etc.
=655  \7$aElectronic books.$2lcsh
=700  1\$aAllender-Zivic, Jonathan.
=700  1\$aMcGlaughlin, Katy.
=776  08$iPrint version: $z9781138960558(Hardback)$w 2016006671
=793  0\$aTaylor & Francis online monographs (UCSD)
=856 40$zTaylor & Francis. Restricted to UCSD IP addresses.$uhttps://www.taylorfrancis.com/books/9781317336532

