=LDR  02793cam a2200553Ii 4500
=001  TF9781315575476
=003  FlBoTFG
=005  20180331102445.0
=006  m\\\\\o\\d\\\\\\\\
=007  cr\\\\\\\\\\\\
=008  180331r20162015enk\\\\\ob\\\\001\0\eng\d
=020  \\$a9781317155928 (e-book: PDF)$q(e-book : PDF)
=020  \\$z9781317155928$q(e-book: PDF)
=020  \\$z9781317155911$q(e-book: ePub)
=020  \\$z9781317155904$q(e-book: Mobi)
=020  \\$z9781472459022$q(hardback)
=020  \\$a9781315575476 (e-book)
=020  \\$a9781317155904 (e-book: Mobi)
=020  \\$a9781317155911 (e-book: ePub)
=020  \\$a9781472459022 (hardback)
=024  7\$a10.4324/9781315575476 $2doi
=035  \\$a(OCoLC)948604156
=040  \\$aFlBoTFG$cFlBoTFG$erda$beng
=043  \\$an-us---
=050  \4$aJZ1480.A5$bG73 2016
=082  04$a327.73009044$bG742
=100  1\$aGraham, Sarah Ellen.,$eauthor.
=245  10$aCulture and propaganda :$bthe progressive origins of American public diplomacy, 1936-1953 /$cSarah Ellen Graham.
=264  \1$aLondon ;$aNew York :$bRoutledge,$c©2016.
=300  \\$a1 online resource :$btext file, PDF
=336  \\$atext$2rdacontent
=337  \\$acomputer$2rdamedia
=338  \\$aonline resource$2rdacarrier
=500  \\$aFirst published 2015 by Ashgate Publishing.
=504  \\$aIncludes bibliographical references (p. [209]-264) and index.
=505  0\$a1. "Let's not be suckers again." Propaganda analysis, progressivism, and American foreign relations between the World Wars -- 2. "Enlightened and far-sighted leadership." Cultural diplomacy : Latin American precedents and wartime expansion -- 3. Journalist or diplomat? Wartime broadcasting at the Voice of America -- 4. "A forum is also a battleground" : the founding of UNESCO -- 5. The limits of reciprocity : cultural diplomacy in the post-war world order -- 6. "Threats to our virtue" : propaganda, information and the Cold War -- 7. Cultural democracy and the Iron Curtain : UNESCO, multilateralism and the Cold War.
=530  \\$aAlso available in print edition.
=538  \\$aMode of access: World Wide Web.
=610  10$aUnited States.$bForeign Service.
=650  \0$aCold War.
=650  \0$aDiplomatic and consular service, American.
=650  \0$aPolitics and culture.
=650  \0$aPropaganda, American$xHistory$y20th century.
=651  \0$aUnited States$xForeign relations administration.
=651  \0$aUnited States$xForeign relations$y1933-1945.
=651  \0$aUnited States$xForeign relations$y1945-1953.
=655  \7$aElectronic books.$2lcsh
=776  08$iPrint version: $z9781472459022(Hardback)$w 2015005736
=793  0\$aTaylor & Francis online monographs (UCSD)
=856 40$zTaylor & Francis. Restricted to UCSD IP addresses.$uhttps://www.taylorfrancis.com/books/9781317155928

