=LDR  03255cam a2200529Ii 4500
=001  TF9781351742108
=003  FlBoTFG
=005  20180331102445.0
=006  m\\\\\o\\d\\\\\\\\
=007  cr\\\\\\\\\\\\
=008  180331s2018\\\\enkab\\\ob\\\\001\0\eng\d
=020  \\$a9781351742108$q(e-book: PDF)
=020  \\$z9781315188102$q(e-book)
=020  \\$z9781351742085$q(e-book: Mobi)
=020  \\$z9781138730908$q(hardback)
=020  \\$z9781138730861$q(paperback)
=020  \\$a9781315188102 (e-book)
=020  \\$a9781351742085 (e-book: Mobi)
=020  \\$a9781138730908 (hardback)
=020  \\$a9781138730861 (paperback)
=024  7\$a10.4324/9781315188102 $2doi
=035  \\$a(OCoLC)1003992281
=040  \\$aFlBoTFG$beng$erda$cFlBoTFG
=043  \\$aa-ph---
=050  \4$aDS685$b.B36 2018
=082  04$a959.903$bB218
=100  1\$aBankoff, Greg,$eauthor.
=245  10$aPost-colonial national identity in the Philippines :$bcelebrating the centennial of independence /$cGreg Bankoff, University of Auckland, New Zealand, Kathleen Weekley, Swinburne University of Technology, Australia.
=264  \1$aLondon :$bRoutledge,$c©2018.
=300  \\$a1 online resource (xix, 494  pages) :$billustrations, text file, PDF
=336  \\$atext$2rdacontent
=337  \\$acomputer$2rdamedia
=338  \\$aonline resource$2rdacarrier
=490  0\$aRoutledge revivals
=504  \\$aIncludes bibliographical references and index.
=505  0\$achapter Introduction: History, State and National Identity -- chapter 1 The Competition State and National Identity -- chapter 2 History at the Service of the Nation-State -- chapter 3 Nationalists and National Identity -- chapter 4 Dissenting Voices and the Politics of Patronage -- chapter 5 Heritage, Identity and Citizenship in a Globalising World -- chapter 6 Expo Pilipino and the Recolonisation of the Past.
=520  \\$a"This title was first published in 2002.Presenting a fresh understanding of the construction of Post-Colonial national identity in the new context of globalization, this text looks at the dilemmas of the requirement to compete in the global economy and the political demands of human rights and cultural differences. The authors are concerned with the ways in which a modern state attempts to mould the identities of its citizens and the ways in which the myriad of identities in a multiethnic, multicultural and multi-religious population give rise to intense contradictions. This important research will have implications beyond the Filipino case and will be of great interest to a wider audience as a reference for courses on Asian studies, political science and history."--Provided by publisher.
=530  \\$aAlso available in print format.
=650  \0$aNationalism$zPhilippines$xHistory.
=650  \0$aPostcolonialism$zPhilippines.
=651  \0$aPhilippines$xHistoriography.
=651  \0$aPhilippines$xHistory$y1898-
=651  \0$aPhilippines$xPolitics and government$y1986-
=655  \7$aElectronic books.$2lcsh
=700  1\$aWeekley, Kathleen,$eauthor.
=776  08$iPrint version: $z9781138730908$q(Hardback)
=793  0\$aTaylor & Francis online monographs (UCSD)
=856 40$zTaylor & Francis. Restricted to UCSD IP addresses.$uhttps://www.taylorfrancis.com/books/9781351742108

