=LDR  04742cam a2200541Ii 4500
=001  TF9781315745398
=003  FlBoTFG
=005  20180331111825.0
=006  m\\\\\o\\d\\\\\\\\
=007  cr\\\\\\\\\\\\
=008  180331s2016\\\\enkad\\\ob\\\\001\0\eng\d
=020  \\$a9781317595052 (e-book: PDF)$q(e-book : PDF)
=020  \\$z9781317595052$q(e-book: PDF)
=020  \\$z9781317595045$q(e-book: ePub)
=020  \\$z9781317595038$q(e-book: Mobi)
=020  \\$z9781138818217$q(hardback)
=020  \\$z9780815383901$q(paperback)
=020  \\$a9781315745398 (e-book)
=020  \\$a9781317595038 (e-book: Mobi)
=020  \\$a9781317595045 (e-book: ePub)
=020  \\$a9781138818217 (hardback)
=020  \\$a9780815383901 (paperback)
=024  7\$a10.4324/9781315745398 $2doi
=035  \\$a(OCoLC)958108899
=040  \\$aFlBoTFG$cFlBoTFG$erda$beng
=043  \\$aa-ja---
=050  \4$aQ130$b.K64 2016
=082  04$a500.820952$bK769
=100  1\$aKodate, Naonori.,$eauthor.
=245  10$aJapanese women in science and engineering :$bhistory and policy change /$cNaonori Kodate and Kashiko Kodate.
=264  \1$aAbingdon, Oxon ;$aNew York, NY :$bRoutledge,$c©2016.
=300  \\$a1 online resource (xxiv, 158 pages) :$billustrations, text file, PDF
=336  \\$atext$2rdacontent
=337  \\$acomputer$2rdamedia
=338  \\$aonline resource$2rdacarrier
=490  1\$aRoutledge contemporary Japan series ;$v60
=504  \\$aIncludes bibliographical references and index.
=505  0\$ach. 1. History of women's education in pre-WWII Japan -- ch. 2. Policy changes from the post-WWII period to the mid-1980s -- ch. 3. From equal opportunities to equal participation : women's careers in science and engineering in the 1990s -- ch. 4. Policy advances in the promotion of equal participation of men and women, late 1990s and 2000s -- ch. 5. Policy impacts and voices of women in science and engineering : evaluation and survey results.
=520  \\$a"The gender gap in science, technology, engineering and mathematics (STEM) varies greatly from country to country, and the number of Japanese women in these fields remains relatively few. This prompts us to ask why the proportion of female scientists in Japan is still remarkably low and what measures the government, universities and research institutes are taking to address this issue. This book sheds light on historical developments and the current gender equality situation in Japan, through the lens of women in STEM. It shows how a policy of gender equality in science and engineering has been introduced through the coordinated efforts of academia, scientific societies and the government, and how this has led to a slow but steady increase in female representation. The book draws on extensive interviews with government officials, scientists and educators in Japan to provide a revealing case study on how the underrepresentation of women in the fields of science, technology and engineering has been approached and dealt with by a national government. It heralds a new era for female scientists, by showcasing several programmes undertaken by government, universities and national research institutions to support multiple career paths for and the progression of female scientists in Japan. Tracing the historical development of Japan's policies towards women in science and education, this book will be welcomed by students and scholars interested in Japanese studies, comparative social policy, gender studies, employment and the history of science and technology"--$cProvided by publisher.
=520  \\$a"This book traces the historical development of Japan's policies towards women in science and education. It shows how a policy of gender equality in science and engineering has been introduced through the coordinated efforts of academia, scientific societies and the government, and how this has led to a slow but steady increase in female representation. The book draws on extensive interviews with government officials, scientists and educators in Japan to provide a revealing case study on how the underrepresentation of women in the fields of science, technology and engineering has been approached and dealt with by a national government. "--$cProvided by publisher.
=530  \\$aAlso available in print format.
=650  \0$aWomen in engineering$zJapan.
=650  \0$aWomen in science$zJapan.
=655  \7$aElectronic books.$2lcsh
=700  1\$aKodate, Kashiko.
=776  08$iPrint version: $z9781138818217$q(Hardback)$w(DLC) 2015001819
=793  0\$aTaylor & Francis online monographs (UCSD)
=830  \0$aRoutledge contemporary Japan series ;$v60.
=856 40$zTaylor & Francis. Restricted to UCSD IP addresses.$uhttps://www.taylorfrancis.com/books/9781317595052

