=LDR  03783cam a2200553Ii 4500
=001  TF9781315712611
=003  FlBoTFG
=005  20180331111825.0
=006  m\\\\\o\\d\\\\\\\\
=007  cr\\\\\\\\\\\\
=008  180331s2016\\\\nyu\\\\\ob\\\\001\0\eng\d
=020  \\$a9781317495475 (e-book: PDF)$q(e-book : PDF)
=020  \\$z9781317495475$q(e-book: PDF)
=020  \\$z9781317495468$q(e-book: ePub)
=020  \\$z9781317495451$q(e-book: Mobi)
=020  \\$z9781138889804$q(hardback)
=020  \\$z9781138889835$q(paperback)
=020  \\$a9781315712611 (e-book)
=020  \\$a9781317495451 (e-book: Mobi)
=020  \\$a9781317495468 (e-book: ePub)
=020  \\$a9781138889804 (hardback)
=020  \\$a9781138889835 (paperback)
=024  7\$a10.4324/9781315712611 $2doi
=035  \\$a(OCoLC)945975348
=040  \\$aFlBoTFG$cFlBoTFG$erda$beng
=041  1\$aeng$hspa
=043  \\$anwdr---
=050  \4$aHN217$b.B6713 2016
=082  04$a306.097293$bB742
=100  1\$aBosch, Juan,$d1909-2001.,$eauthor.
=240  10$aComposicion social dominicana.$lEnglish
=245  10$aSocial composition of the Dominican Republic /$cby Juan Bosch ; with a new introduction by Wilfredo Lozano ; translated from Composicion social dominicana by Christopher Winks.
=264  \1$aNew York ;$aLondon :$bRoutledge,$c©2016.
=300  \\$a1 online resource (xi, 280 pages) :$btext file, PDF
=336  \\$atext$2rdacontent
=337  \\$acomputer$2rdamedia
=338  \\$aonline resource$2rdacarrier
=490  0\$aClassic knowledge in Dominican studies
=504  \\$aIncludes bibliographical references and index.
=505  0\$a1. The origin of social classes in Santo Domingo -- 2. The emergence and decline of a sugar oligarchy -- 3. From sugar mills to cattle -- 4. The development of a ranch society -- 5. The curious society of the buccaneers -- 6. The French colony of Saint-Domingue -- 7. The century of misery -- 8. From the 17th century's immobility to the 18th century's dynamism -- 9. A half-century of relative development -- 10. Santo Domingo within the Caribbean panorama -- 11. The Haitian Revolution -- 12. The emigration issue -- 13. The ranchers' government and the tobacco harvesters' society -- 14. The causes of the 1822 Haitian invasion -- 15. The petty bourgeoisie in Dominican history -- 16. The petty bourgeoisie against the power of the ranchers -- 17. 1857-1861 : struggles within the petty bourgeoisie -- 18. The restoration : an achievement of the petty bourgeoisie -- 19. The long reign of the petty bourgeoisie in the nation's political life -- 20. Social composition and political parties of the period -- 21. The government of the Azules, or the road to bourgeois society -- 22. From the death of Heureaux to the death of Caceres -- 23. Imperialism in action -- 24. Social composition until 1930 -- 25. Trujillo, or : from petty bourgeoisie to bourgeoisie -- 26. Social composition at Trujillo's death.
=520  2\$a"Social Composition of the Dominican Republic, first published in 1970 in Spanish and translated into English here for the first time, discusses the changing structure of social classes in Dominican society from the first encounter between Europeans and Natives through to the mid-20th century"--Provided by publisher.
=530  \\$aAlso available in print format.
=650  \0$aSocial classes$zDominican Republic$xHistory.
=651  \0$aDominican Republic$xRace relations.
=651  \0$aDominican Republic$xSocial conditions.
=655  \7$aElectronic books.$2lcsh
=700  1\$aWinks, Christopher.
=776  08$iPrint version: $z9781138889804$q(Hardback)$w(DLC)  2015037396
=793  0\$aTaylor & Francis online monographs (UCSD)
=856 40$zTaylor & Francis. Restricted to UCSD IP addresses.$uhttps://www.taylorfrancis.com/books/9781317495475

