=LDR  02396cam a2200577Ii 4500
=001  TF9781315614465
=003  FlBoTFG
=005  20180331102445.0
=006  m\\\\\o\\d\\\\\\\\
=007  cr\\\\\\\\\\\\
=008  180331r20162015enka\\\\ob\\\\001\0\eng\d
=020  \\$a9781317038955 (e-book: PDF)$q(e-book : PDF)
=020  \\$z9781317038955$q(e-book: PDF)
=020  \\$z9781317038948$q(e-book: ePub)
=020  \\$z9781317038931$q(e-book: Mobi)
=020  \\$z9781472437792$q(hardback)
=020  \\$z9781138567771$q(paperback)
=020  \\$a9781315614465 (e-book)
=020  \\$a9781317038931 (e-book: Mobi)
=020  \\$a9781317038948 (e-book: ePub)
=020  \\$a9781472437792 (hardback)
=020  \\$a9781138567771 (paperback)
=024  7\$a10.4324/9781315614465 $2doi
=035  \\$a(OCoLC)948604661
=040  \\$aFlBoTFG$cFlBoTFG$erda$beng
=043  \\$an-cn---$ae------
=050  \4$aNA7540$b.M37 2016
=082  04$a728.0971$bM395
=100  1\$aMaschaykh, Ulduz.,$eauthor.
=245  14$aThe changing image of affordable housing :$bdesign, gentrification and community in Canada and Europe /$cUlduz Maschaykh.
=264  \1$aLondon ;$aNew York :$bRoutledge,$c©2016.
=300  \\$a1 online resource (vi, 229  pages) :$billustrations, text file, PDF
=336  \\$atext$2rdacontent
=337  \\$acomputer$2rdamedia
=338  \\$aonline resource$2rdacarrier
=500  \\$aFirst published 2015 by Ashgate Publishing.
=504  \\$aIncludes bibliographical references (p. [149]-163) and index.
=505  0\$apt. 1. Early beginnings of affordable housing -- pt. 2. Canada's approach to affordable architecture.
=530  \\$aAlso available in print edition.
=538  \\$aMode of access: World Wide Web.
=650  \0$aArchitects and housing developers$zCanada.
=650  \0$aArchitects and housing developers$zEurope.
=650  \0$aGentrification$zCanada.
=650  \0$aGentrification$zEurope.
=650  \0$aHousing development$zCanada.
=650  \0$aHousing development$zEurope.
=650  \0$aPublic housing$zCanada$xDesign and construction.
=650  \0$aPublic housing$zEurope$xDesign and construction.
=655  \7$aElectronic books.$2lcsh
=776  08$iPrint version: $z9781472437792(Hardback)$w 2014042391
=793  0\$aTaylor & Francis online monographs (UCSD)
=856 40$zTaylor & Francis. Restricted to UCSD IP addresses.$uhttps://www.taylorfrancis.com/books/9781317038955

