=LDR  03302cam a2200601Ii 4500
=001  TF9781315568133
=003  FlBoTFG
=005  20180331102445.0
=006  m\\\\\o\\d\\\\\\\\
=007  cr\\\\\\\\\\\\
=008  180331r20162015enk\\\\\ob\\\\001\0\eng\d
=020  \\$a9781317177944 (e-book: PDF)$q(e-book : PDF)
=020  \\$z9781317177944$q(e-book: PDF)
=020  \\$z9781317177937$q(e-book: ePub)
=020  \\$z9781317177920$q(e-book: Mobi)
=020  \\$z9781472463579$q(hardback)
=020  \\$a9781315568133 (e-book)
=020  \\$a9781317177920 (e-book: Mobi)
=020  \\$a9781317177937 (e-book: ePub)
=020  \\$a9781472463579 (hardback)
=024  7\$a10.4324/9781315568133 $2doi
=035  \\$a(OCoLC)948604086
=040  \\$aFlBoTFG$cFlBoTFG$erda$beng
=043  \\$an-us---$aa------$ap------
=050  \4$aVA50$b.A87 2016
=082  04$a359.03091823$bA846
=245  00$aAssessing maritime power in the Asia-Pacific :$bthe impact of American strategic re-balance /$cedited by Greg Kennedy [and] Harsh V. Pant.
=264  \1$aLondon ;$aNew York :$bRoutledge,$c©2016.
=300  \\$a1 online resource :$btext file, PDF
=336  \\$atext$2rdacontent
=337  \\$acomputer$2rdamedia
=338  \\$aonline resource$2rdacarrier
=490  1\$aCorbett Centre for Maritime Policy Studies series
=500  \\$a"First published 2015 by Ashgate Publishing"--t.p. verso.
=504  \\$aIncludes bibliographical references and index.
=505  0\$a1. Assessing the American 're-balancing' strategy : is it strategic? / Greg Kennedy -- 2. The impact of the US re-balance on UK strategic thinking / Tim Benbow -- 3. The impact of the US "re-balancing" to Asia on French strategic thinking / Hall Gardner -- 4. Impact of the US "pivot" on Canada's strategic thinking and maritime posture / Elinor Sloan -- 5. Reactions to the re-balance : Asia in general and Southeast Asia in particular / Geoff Till -- 6. The American pivot and China's maritime power : impact and response / David Scott -- 7.  Impact of the American "re-balance" strategy on Japanese naval power / Emi Mifune -- 8. Impact of US pivot on ROK naval power / Balbina Y. Hwang -- 9. The American "pivot" and the Indian navy : it's hedging all the way / Harsh V. Pant and Yogesh Joshi.
=530  \\$aAlso available in print edition.
=538  \\$aMode of access: World Wide Web.
=650  \0$aSea-power$zAsia$xHistory$y21st century.
=650  \0$aSea-power$zPacific Area$xHistory$y21st century.
=650  \0$aSea-power$zUnited States$xHistory$y21st century.
=651  \0$aAsia$xForeign relations$zUnited States.
=651  \0$aPacific Area$xForeign relations$zUnited States.
=651  \0$aUnited States$xForeign relations$y21st century.
=651  \0$aUnited States$xForeign relations$zAsia.
=651  \0$aUnited States$xForeign relations$zPacific Area.
=655  \7$aElectronic books.$2lcsh
=700  1\$aKennedy, Greg.
=700  1\$aPant, Harsh V.
=700  12$aKennedy, Greg.$tAssessing the American re-balancing strategy.
=776  08$iPrint version: $z9781472463579(Hardback)$w 2015011047
=793  0\$aTaylor & Francis online monographs (UCSD)
=830  \0$aCorbett Centre for Maritime Policy Studies series.
=856 40$zTaylor & Francis. Restricted to UCSD IP addresses.$uhttps://www.taylorfrancis.com/books/9781317177944

