=LDR  02475cam a2200505Ii 4500
=001  TF9781315771038
=003  FlBoTFG
=005  20180331111825.0
=006  m\\\\\o\\d\\\\\\\\
=007  cr\\\\\\\\\\\\
=008  180331s2015\\\\nyuabd\\ob\\\\001\0\eng\d
=020  \\$a9781317674184 (e-book: PDF)$q(e-book : PDF)
=020  \\$z9781317674184$q(e-book: PDF)
=020  \\$z9781317674177$q(e-book: ePub)
=020  \\$z9781317674160$q(e-book: Mobi)
=020  \\$z9781138779808$q(hardback)
=020  \\$z9781138779815$q(paperback)
=020  \\$a9781315771038 (e-book)
=020  \\$a9781317674160 (e-book: Mobi)
=020  \\$a9781317674177 (e-book: ePub)
=020  \\$a9781138779808 (hardback)
=020  \\$a9781138779815 (paperback)
=024  7\$a10.4324/9781315771038 $2doi
=035  \\$a(OCoLC)958096578
=040  \\$aFlBoTFG$cFlBoTFG$erda$beng
=050  \4$aHT391$b.B447 2015
=082  04$a304.2$bB512
=100  1\$aBerkes, Fikret.,$eauthor.
=245  10$aCoasts for people :$binterdisciplinary approaches to coastal and marine resource management /$cFikret Berkes.
=250  \\$aFirst edition.
=264  \1$aNew York :$bRoutledge,$c©2015.
=300  \\$a1 online resource (xxii, 372 pages) :$billustrations, text file, PDF
=336  \\$atext$2rdacontent
=337  \\$acomputer$2rdamedia
=338  \\$aonline resource$2rdacarrier
=504  \\$aIncludes bibliographical references and index.
=505  0\$a1. Introduction : the ongoing agenda -- 2. Natural resources and management : emerging views -- 3. Social-ecological systems -- 4. Resilience : health of social-ecological systems -- 5. Can commons be managed? -- 6. Co-management : searching for multilevel solutions -- 7. Coastal zone : reconciling multiple uses -- 8. Conserving biodiversity : MPAs and stewardship -- 9. Coastal livelihoods : resources and development -- 10. Local and traditional knowledge : bridging with science -- 11. Social-ecological system-based management -- 12. An interdisciplinary science for the coast.
=530  \\$aAlso available in print format.
=650  \0$aCoastal zone management.
=650  \0$aMarine resources development.
=650  \0$aSocial ecology.
=650  \0$aSustainable development.
=655  \7$aElectronic books.$2lcsh
=776  08$iPrint version: $z9781138779808$q(Hardback)$w(DLC) 2014029754
=793  0\$aTaylor & Francis online monographs (UCSD)
=856 40$zTaylor & Francis. Restricted to UCSD IP addresses.$uhttps://www.taylorfrancis.com/books/9781317674184

