=LDR  02700cam a2200529Ii 4500
=001  TF9781315640839
=003  FlBoTFG
=005  20180331111825.0
=006  m\\\\\o\\d\\\\\\\\
=007  cr\\\\\\\\\\\\
=008  180331s2016\\\\enk\\\\\ob\\\\001\0\eng\d
=020  \\$a9781317278207 (e-book: PDF)$q(e-book : PDF)
=020  \\$z9781317278207$q(e-book: PDF)
=020  \\$z9781317278191$q(e-book: ePub)
=020  \\$z9781317278184$q(e-book: Mobi)
=020  \\$z9780415747585$q(hardback)
=020  \\$z9780415747592$q(paperback)
=020  \\$a9781315640839 (e-book)
=020  \\$a9781317278184 (e-book: Mobi)
=020  \\$a9781317278191 (e-book: ePub)
=020  \\$a9780415747585 (hardback)
=020  \\$a9780415747592 (paperback)
=024  7\$a10.4324/9781315640839 $2doi
=035  \\$a(OCoLC)945771672
=040  \\$aFlBoTFG$cFlBoTFG$erda$beng
=043  \\$ae-uk-en
=050  \4$aBL100$b.O43 2016
=082  04$a130.94209031$bO449
=100  1\$aOldridge, Darren,$d1966-,$eauthor.
=245  14$aThe supernatural in Tudor and Stuart England /$cDarren Oldridge.
=264  \1$aLondon ;$aNew York :$bRoutledge,$c©2016.
=300  \\$a1 online resource (x, 176 pages) :$btext file, PDF
=336  \\$atext$2rdacontent
=337  \\$acomputer$2rdamedia
=338  \\$aonline resource$2rdacarrier
=504  \\$aIncludes bibliographical references and index.
=505  0\$a1. Introduction -- 2. The foundations of supernatural belief -- 3. Divine interventions -- 4. The devil and demons -- 5. Angels -- 6. Ghosts and goblins -- 7. Human interventions.
=520  \\$a"The Supernatural in Tudor and Stuart England reflects upon the boundaries between the natural and the otherworldly in early modern England as they were understood by the people of the time. The book places supernatural beliefs and events in the context of the English Reformation to show how early modern people reacted to the world of unseen spirits and magical influences. It sets out the conceptual foundations of early modern encounters with the supernatural, and their attempts to establish natural explanations for supernatural events"--$cProvided by publisher.
=530  \\$aAlso available in print format.
=650  \0$aSupernatural.
=651  \0$aEngland$xReligion$y16th century.
=651  \0$aEngland$xReligion$y17th century.
=651  \0$aEngland$xSocial life and customs$y16th century.
=651  \0$aEngland$xSocial life and customs$y17th century.
=655  \7$aElectronic books.$2lcsh
=776  08$iPrint version: $z9780415747585(Hardback)$w 2015040289
=793  0\$aTaylor & Francis online monographs (UCSD)
=856 40$zTaylor & Francis. Restricted to UCSD IP addresses.$uhttps://www.taylorfrancis.com/books/9781317278207

