=LDR  02794cam a2200493Ii 4500
=001  TF9781315686615
=003  FlBoTFG
=005  20180331111825.0
=006  m\\\\\o\\d\\\\\\\\
=007  cr\\\\\\\\\\\\
=008  180331s2016\\\\enkbj\\\ob\\\\001\0\eng\d
=020  \\$a9781317415671 (e-book: PDF)$q(e-book : PDF)
=020  \\$z9781317415671$q(e-book: PDF)
=020  \\$z9781317415664$q(e-book: ePub)
=020  \\$z9781317415657$q(e-book: Mobi)
=020  \\$z9781138886292$q(hardback)
=020  \\$z9781138885660$q(paperback)
=020  \\$a9781315686615 (e-book)
=020  \\$a9781317415657 (e-book: Mobi)
=020  \\$a9781317415664 (e-book: ePub)
=020  \\$a9781138886292 (hardback)
=020  \\$a9781138885660 (paperback)
=024  7\$a10.4324/9781315686615 $2doi
=035  \\$a(OCoLC)957692950
=040  \\$aFlBoTFG$cFlBoTFG$erda$beng
=043  \\$aa-ir---
=050  \4$aDS288$b.M67 2016
=082  04$a955.02$bM847
=100  1\$aMorgan, David,$d1945-,$eauthor.
=245  10$aMedieval Persia 1040-1797 /$cDavid Morgan.
=250  \\$aSecond edition.
=264  \1$aLondon ;$aNew York :$bRoutledge,$c©2016.
=300  \\$a1 online resource (xvii, 198 pages) :$btext file, PDF
=336  \\$atext$2rdacontent
=337  \\$acomputer$2rdamedia
=338  \\$aonline resource$2rdacarrier
=504  \\$aIncludes bibliographical references and index.
=505  0\$a1. The land and peoples of Persia -- 2. Persia in the early Islamic centuries -- 3. Turkish rule in Persia : the great Saljq sultanate at its height (431-485/1040-1092) -- 4. Institutions of Saljq government : steppe and sedentary traditions -- 5. The later Saljq period and its aftermath : Isma'ls, Qara-Khitais and Khwarazm-shahs (485-617/1092-1220) -- 6. The Mongols and their coming to Persia -- 7. The early Mongol rulers : Persia under infidel government (663-694/1265-1295) -- 8. The Barbarians civilized? Ghazan and his successors (694-736/1295-1335) -- 9. The empire of Tamerlane -- 10. Persia in the fifteenth century : the Timurids -- 11. Persia in the fifteenth century : the Tèurkmen dynasties and the rise of the Oafawids -- 12. Shah Isma'l I and the establishment of Sh'ism -- 13. Crisis, recovery and crisis (930-995/1524-1587) -- 14. The apogee of the Oafawid empire : the reign of Shah 'Abbas I (995-1038/1587-1629) -- 15. The second century of Oafawid rule -- 16. Persia in the eighteenth century.
=530  \\$aAlso available in print format.
=651  \0$aIran$xHistory$y16th-18th centuries.
=651  \0$aIran$xHistory$y640-1500.
=655  \7$aElectronic books.$2lcsh
=776  08$iPrint version: $z9781138886292(Hardback)$w 2015002454
=793  0\$aTaylor & Francis online monographs (UCSD)
=856 40$zTaylor & Francis. Restricted to UCSD IP addresses.$uhttps://www.taylorfrancis.com/books/9781317415671

