=LDR  03769cam a2200493Ii 4500
=001  TF9780203873755
=003  FlBoTFG
=005  20180331102445.0
=006  m\\\\\o\\d\\\\\\\\
=007  cr\\\\\\\\\\\\
=008  130331s2010\\\\enk\\\\\ob\\\\001\0\eng\d
=010  \\$a 2009003570
=020  \\$a9780203873755 (e-book : PDF)
=020  \\$a9780415485128 (hardback)
=020  \\$a9780415782968 (paperback)
=020  \\$a9781135256456 (e-book: Mobi)
=020  \\$a9781135256494 (e-book: ePub)
=020  \\$a9781135256500 (e-book: PDF)
=024  7\$a10.4324/9780203873755 $2doi
=035  \\$a(OCoLC)609415460
=040  \\$aFlBoTFG$cFlBoTFG$erda
=043  \\$ama-----
=090  \\$aLA1491$b.T73 2010
=092  \\$a370.174927$bT768
=245  00$aTrajectories of education in the Arab world :$blegacies and challenges /$cedited by Osama Abi-Mershed.
=264  \1$aLondon ;$aNew York :$bRoutledge,$c2010.
=300  \\$a1 online resource (xv, 284 pages) :$btext file, PDF
=336  \\$atext$2rdacontent
=337  \\$acomputer$2rdamedia
=338  \\$aonline resource$2rdacarrier
=490  1\$aRoutledge advances in Middle East and Islamic studies ;$v17
=500  \\$a"Published in Association with the Center for Contemporary Arab Studies, Georgetown University."
=504  \\$aIncludes bibliographical references and index.
=505  00$tchapter Introduction: The politics of Arab educational reforms /$rOSAMA ABI-MERSHED -- $tpart PART I Historical perspectives -- $tchapter 1 The principles of instruction are the grounds of our knowledge: Al-F1r1b3’s philosophical and al-Ghaz1l3 ’s spiritual approaches to learning /$rSEBASTIAN GÜNTHER -- $tchapter 2 Between the “golden age” and the Renaissance: Islamic higher education in eighteenth-century Damascus /$rSTEVE TAMARI -- $tchapter 3 “If the Devil taught French”: Strategies of language and learning in French mandate Beirut /$rNADYA SBAITI -- $tchapter 4 “According to a logic befitting the Arab soul”: Cultural policy and popular education in Morocco since 1912 /$rSPENCER SEGALLA -- $tpart PART II Education and the post-colonial state -- $tchapter 5 Public institutions of religious education in Egypt and Tunisia: Contrasting the post-colonial reforms of Al-Azhar and the Zaytuna /$rMALIKA ZEGHAL -- $tchapter 6 Palestinian education in a virtual state /$rNUBAR HOVSEPIAN -- $tchapter 7 Language-in-education policies in contemporary Lebanon: Youth perspectives /$rZEENA ZAKHARIA -- $tchapter 8 Education as a humanitarian response as applied to the Arab world, with special reference to the Palestinian case /$rCOLIN BROCK -- $tpart PART III Education and socio-political development: reform, policy, and practice -- $tchapter 9 Naming the imaginary: “Building an Arab knowledge society” and the contested terrain of educational reforms for development /$rANDRÉ ELIAS MAZAWI -- $tchapter 10 An introduction to Qatar’s primary and secondary education reform /$rDOMINIC J. BREWER -- $tchapter 11 Observations from the edge of the deluge: Are we going too far, too fast in our educational transformation in the Arab Gulf? /$rMUNIR BASHSHUR.
=506  \\$aLicense restrictions may limit access.
=506  \\$aSubscription required for access to full text.
=530  \\$aAlso available in print format.
=650  \0$aEducation$zArab countries.
=655  \7$aElectronic books.$2lcsh
=700  1\$aAbi-Mershed, Osama.
=710  2\$aGeorgetown University.$bCenter for Contemporary Arab Studies.
=776  08$iPrint version: $z9780415485128$q(Hardback)
=793  0\$aTaylor & Francis online monographs (UCSD)
=830  \0$aRoutledge advances in Middle East and Islamic studies ;$v17.
=856 40$zTaylor & Francis. Restricted to UCSD IP addresses.$uhttps://www.taylorfrancis.com/books/9781135256500

