=LDR  02230cam a2200565Ii 4500
=001  TF9781315709130
=003  FlBoTFG
=005  20180331111825.0
=006  m\\\\\o\\d\\\\\\\\
=007  cr\\\\\\\\\\\\
=008  180331s2016\\\\enkab\\\ob\\\\001\0\eng\d
=020  \\$a9781317484998 (e-book: PDF)$q(e-book : PDF)
=020  \\$z9781317484998$q(e-book: PDF)
=020  \\$z9781317484981$q(e-book: ePub)
=020  \\$z9781317484974$q(e-book: Mobi)
=020  \\$z9781138892491$q(hardback)
=020  \\$z9780815368779$q(paperback)
=020  \\$a9781315709130 (e-book)
=020  \\$a9781317484974 (e-book: Mobi)
=020  \\$a9781317484981 (e-book: ePub)
=020  \\$a9781138892491 (hardback)
=020  \\$a9780815368779 (paperback)
=024  7\$a10.4324/9781315709130 $2doi
=035  \\$a(OCoLC)958107831
=040  \\$aFlBoTFG$cFlBoTFG$erda$beng
=043  \\$aas-----
=050  \4$aJQ750.A38$bR435 2016
=082  04$a303.48259$bI597
=245  00$aInstitutionalizing East Asia :$bmapping and reconfiguring regional cooperation /$cedited by Alice D. Ba, Cheng-Chwee Kuik and Sueo Sudo.
=264  \1$aLondon ;$aNew York :$bRoutledge,$c©2016.
=300  \\$a1 online resource (xxiv, 236 pages) :$billustrations, text file, PDF
=336  \\$atext$2rdacontent
=337  \\$acomputer$2rdamedia
=338  \\$aonline resource$2rdacarrier
=490  1\$aPolitics in Asia series
=500  \\$a"CEAS"--cover.
=504  \\$aIncludes bibliographical references and index.
=505  0\$apt. 1. Evolution of inter-state cooperation -- pt. 2. Domains of East Asian cooperation -- pt. 3. Levels of cooperation.
=530  \\$aAlso available in print format.
=610  20$aASEAN.
=650  \0$aInstitution building$zSoutheast Asia.
=650  \0$aRegionalism$zSoutheast Asia.
=650  \0$aSoutheast Asia$xPolitics and government.
=655  \7$aElectronic books.$2lcsh
=700  1\$aBa, Alice D.
=700  1\$aKuik, Cheng-Chwee.
=700  1\$aSudo, Sueo.
=776  08$iPrint version: $z9781138892491$q(Hardback)$w(DLC) 2015030615
=793  0\$aTaylor & Francis online monographs (UCSD)
=830  \0$aPolitics in Asia series.
=856 40$zTaylor & Francis. Restricted to UCSD IP addresses.$uhttps://www.taylorfrancis.com/books/9781317484998

