=LDR  02046cam a2200469Ii 4500
=001  TF9781351375405
=003  FlBoTFG
=005  20180331102445.0
=006  m\\\\\o\\d\\\\\\\\
=007  cr\\\\\\\\\\\\
=008  180331s2018\\\\enk\\\\\ob\\\\001\0\eng\d
=020  \\$a9781351375405$q(e-book: PDF)
=020  \\$z9781315147802$q(e-book)
=020  \\$z9781351375382$q(e-book: Mobi)
=020  \\$z9781138025431$q(hardback)
=020  \\$z9781138025455$q(paperback)
=020  \\$a9781315147802 (e-book)
=020  \\$a9781351375382 (e-book: Mobi)
=020  \\$a9781138025431 (hardback)
=020  \\$a9781138025455 (paperback)
=024  7\$a10.4324/9781315147802 $2doi
=035  \\$a(OCoLC)1011552736
=040  \\$aDLC$beng$dFlBoTFG$erda$cDLC
=043  \\$ae-uk-en$an-us---
=050  \4$aBF1581$b.G5355 2018
=082  04$a133.4309$bG449
=100  1\$aGibson, Marion,$d1970-,$eauthor.
=245  10$aRediscovering Renaissance witchcraft :$bwitches in early modernity and modernity /$cMarion Gibson.
=264  \1$aLondon ;$aNew York :$bRoutledge,$c©2018.
=300  \\$a1 online resource :$btext file, PDF
=336  \\$atext$2rdacontent
=337  \\$acomputer$2rdamedia
=338  \\$aonline resource$2rdacarrier
=504  \\$aIncludes bibliographical references and index.
=505  0\$aRenaissance witchcraft -- Witchcraft in Renaissance literature -- Renaissance witchcraft rediscovered in Scotland -- Witchcraft in wartime -- Strange conflict: witch-hunters and witches in Britain, c.1930-1980 -- American influences -- Magical realism, magical romance: witchcraft genres since the 1960s.
=530  \\$aAlso available in print format.
=650  \0$aWitchcraft in literature.
=650  \0$aWitchcraft$zGreat Britain$xHistory.
=650  \0$aWitchcraft$zUnited States$xHistory.
=655  \7$aElectronic books.$2lcsh
=776  08$iPrint version: $z9781138025431(Hardback)$w 2017028311
=793  0\$aTaylor & Francis online monographs (UCSD)
=856 40$zTaylor & Francis. Restricted to UCSD IP addresses.$uhttps://www.taylorfrancis.com/books/9781351375405

