=LDR  02924cam a2200505Ii 4500
=001  TF9781315556291
=003  FlBoTFG
=005  20180331102445.0
=006  m\\\\\o\\d\\\\\\\\
=007  cr\\\\\\\\\\\\
=008  180331s2016\\\\enk\\\\\ob\\\\001\0\eng\d
=020  \\$a9781317026204 (e-book: PDF)$q(e-book : PDF)
=020  \\$z9781317026204$q(e-book: PDF)
=020  \\$z9781317026198$q(e-book: ePub)
=020  \\$z9781317026181$q(e-book: Mobi)
=020  \\$z9781409469698$q(hardback)
=020  \\$z9781138483842$q(paperback)
=020  \\$a9781315556291 (e-book)
=020  \\$a9781317026181 (e-book: Mobi)
=020  \\$a9781317026198 (e-book: ePub)
=020  \\$a9781409469698 (hardback)
=020  \\$a9781138483842 (paperback)
=024  7\$a10.4324/9781315556291 $2doi
=035  \\$a(OCoLC)951068385
=040  \\$aFlBoTFG$cFlBoTFG$erda$beng
=043  \\$acl-----
=050  \4$aKG548$b.L38 2016
=082  04$a342.8080264$bL357
=245  04$aThe Latin American casebook :$bcourts, rights, and the constitution /$cJuan F. Gonzalez-Bertomeu and Roberto Gargarella.
=264  \1$aLondon ;$aNew York :$bRoutledge,$c©2016.
=300  \\$a1 online resource :$btext file, PDF
=336  \\$atext$2rdacontent
=337  \\$acomputer$2rdamedia
=338  \\$aonline resource$2rdacarrier
=504  \\$aIncludes bibliographical references and index.
=505  0\$a1. Equal protection / Laura Clerico, Liliana Ronconi, and Martin Aldao -- 2. Religious freedom / Marcelo Alegre and Pedro Salazar Ugarte -- 3. Abortion / Paola Bergallo and Agustina Ramon Michel -- 4. LGBTI rights / Camila Gianella and Bruce M. Wilson -- 5. Prisons and prisoners' rights / Juan F. Gonzalez-Bertomeu -- 6. Freedom of expression and social protest / Roberto Gargarella and Ramiro Alvarez Ugarte -- 7. Transitional justice / Leonardo Filippini and Agustin Cavana -- 8. The protection of social rights / Oscar Parra Vera -- 9. The protection of the environment / Maria Florencia Saulino and Luis Jose Torres Asencio -- 10. The protection of the rights of indigenous peoples / Silvina Ramirez and Nahuel Maisley -- 11. Constitutional limits on the power of the executive / Agustin Grijalva, Elsa Guerra Rodriguez and Dunia Martinez -- 12. Economic regulation and judicial review / Mariana Prado and Rene Uruena -- 13. International law and domestic adjudication / Fernando Basch and Jorge Contesse.
=530  \\$aAlso available in print format.
=538  \\$aMode of access: World Wide Web.
=650  \0$aCivil rights$zLatin America$vCases.
=650  \0$aConstitutional law$zLatin America$vCases.
=655  \7$aElectronic books.$2lcsh
=700  1\$aGargarella, Roberto,$d1964-
=700  1\$aGonzalez Bertomeu, Juan F.
=776  08$iPrint version: $z9781409469698(Hardback)$w 2015029340
=793  0\$aTaylor & Francis online monographs (UCSD)
=856 40$zTaylor & Francis. Restricted to UCSD IP addresses.$uhttps://www.taylorfrancis.com/books/9781317026204

