=LDR  02089cam a2200469Ii 4500
=001  TF9781315637723
=003  FlBoTFG
=005  20180331111825.0
=006  m\\\\\o\\d\\\\\\\\
=007  cr\\\\\\\\\\\\
=008  180331s2016\\\\enka\\\\ob\\\\001\0deng\d
=020  \\$a9781317268895 (e-book: PDF)$q(e-book : PDF)
=020  \\$z9781317268895$q(e-book: PDF)
=020  \\$z9781317268888$q(e-book: ePub)
=020  \\$z9781317268871$q(e-book: Mobi)
=020  \\$z9781138638549$q(hardback)
=020  \\$a9781315637723 (e-book)
=020  \\$a9781317268871 (e-book: Mobi)
=020  \\$a9781317268888 (e-book: ePub)
=020  \\$a9781138638549 (hardback)
=024  7\$a10.4324/9781315637723 $2doi
=035  \\$a(OCoLC)958107410
=040  \\$aFlBoTFG$cFlBoTFG$erda$beng
=050  \4$aBL245$b.D36 2016
=082  04$a201.65$bD269
=100  1\$aDawes, Gregory W.,$eauthor.
=245  10$aGalileo and the conflict between religion and science /$cGregory W. Dawes.
=264  \1$aLondon ;$aNew York :$bRoutledge,$c©2016.
=300  \\$a1 online resource (ix, 198 pages) :$billustrations, text file, PDF
=336  \\$atext$2rdacontent
=337  \\$acomputer$2rdamedia
=338  \\$aonline resource$2rdacarrier
=490  1\$aRoutledge studies in the philosophy of religion ;$v13
=504  \\$aIncludes bibliographical references and index.
=505  0\$a1. Before Copernicus -- 2. The Copernican revolution -- 3. The Galileo affair -- 4. The question of authority -- 5. The question of certainty -- 6. Critical thought in religion and science -- 7. Faith and knowledge -- 8. Secular acts of faith -- 9. Science as a religion.
=530  \\$aAlso available in print format.
=600  10$aGalilei, Galileo,$d1564-1642.
=650  \0$aReligion and science$xHistory.
=655  \7$aElectronic books.$2lcsh
=776  08$iPrint version: $z9781138638549(Hardback)$w 2015037111
=793  0\$aTaylor & Francis online monographs (UCSD)
=830  \0$aRoutledge studies in the philosophy of religion ;$v13.
=856 40$zTaylor & Francis. Restricted to UCSD IP addresses.$uhttps://www.taylorfrancis.com/books/9781317268895

