=LDR  02102cam a2200469Ii 4500
=001  TF9781315727912
=003  FlBoTFG
=005  20180331111825.0
=006  m\\\\\o\\d\\\\\\\\
=007  cr\\\\\\\\\\\\
=008  180331s2017\\\\enka\\\\ob\\\\001\0\eng\d
=020  \\$a9781317541356 (e-book: PDF)$q(e-book : PDF)
=020  \\$z9781317541356$q(e-book: PDF)
=020  \\$z9781317541332$q(e-book: Mobi)
=020  \\$z9781138845817$q(hardback)
=020  \\$a9781315727912 (e-book)
=020  \\$a9781317541332 (e-book: Mobi)
=020  \\$a9781138845817 (hardback)
=024  7\$a10.4324/9781315727912 $2doi
=035  \\$a(OCoLC)974211584
=040  \\$aFlBoTFG$cFlBoTFG$erda$beng
=043  \\$aa-cc---
=050  \4$aRA395.C6$bB8 2017
=082  04$a362.10951$bB917
=100  1\$aBu, Liping,$d1960-,$eauthor.
=245  10$aPublic health and the modernization of China, 1865-2015 /$cLiping Bu.
=264  \1$aLondon ;$aNew York, N.Y. :$bRoutledge,$c©2017.
=300  \\$a1 online resource (xviii, 301 pages) :$billustrations, text file, PDF
=336  \\$atext$2rdacontent
=337  \\$acomputer$2rdamedia
=338  \\$aonline resource$2rdacarrier
=490  1\$aRoutledge studies in the modern history of Asia ;$v124
=504  \\$aIncludes bibliographical references and index.
=505  0\$a1. Public health : a modern concept of national power -- 2. Science, public health and national renaissance -- 3. Building a modern health system : GMD's, state medicine and CCP's people's health, 1920s-40s -- 4. People's health and socialist reconstruction -- 5. Economic reforms and new healthcare.
=530  \\$aAlso available in print format.
=650  \0$aHealth care reform$zChina.
=650  \0$aMedical care$zChina.
=650  \0$aMedical policy$zChina.
=655  \7$aElectronic books.$2lcsh
=776  08$iPrint version: $z9781138845817$q(Hardback)$w(DLC) 2016040347
=793  0\$aTaylor & Francis online monographs (UCSD)
=830  \0$aRoutledge studies in the modern history of Asia (2005) ;$v124.
=856 40$zTaylor & Francis. Restricted to UCSD IP addresses.$uhttps://www.taylorfrancis.com/books/9781317541356

