=LDR  02127cam a2200529Ii 4500
=001  TF9781315674568
=003  FlBoTFG
=005  20180331111825.0
=006  m\\\\\o\\d\\\\\\\\
=007  cr\\\\\\\\\\\\
=008  180331r20161990enk\\\\\ob\\\\000\0aeng\d
=020  \\$a9781317379553 (e-book: PDF)$q(e-book : PDF)
=020  \\$z9781317379553$q(e-book: PDF)
=020  \\$z9781317379546$q(e-book: ePub)
=020  \\$z9781317379539$q(e-book: Mobi)
=020  \\$z9781138939899$q(hardback)
=020  \\$z9781138941977$q(paperback)
=020  \\$a9781315674568 (e-book)
=020  \\$a9781317379539 (e-book: Mobi)
=020  \\$a9781317379546 (e-book: ePub)
=020  \\$a9781138939899 (hardback)
=020  \\$a9781138941977 (paperback)
=024  7\$a10.4324/9781315674568 $2doi
=035  \\$a(OCoLC)918941186
=040  \\$aFlBoTFG$cFlBoTFG$erda$beng
=050  \4$aCT25$b.T63 2016
=082  04$a808.06692$bT634
=100  1\$aTodd, Jane Marie,$d1957-,$eauthor.
=245  10$aAutobiographics in Freud and Derrida /$cJane Marie Todd.
=264  \1$aAbingdon, Oxon :$bRoutledge,$c©2016.
=300  \\$a1 online resource (217 pages) :$btext file, PDF
=336  \\$atext$2rdacontent
=337  \\$acomputer$2rdamedia
=338  \\$aonline resource$2rdacarrier
=490  0\$aRoutledge library editions. Autobiography ;$vv. 9
=500  \\$aFirst published in 1990.
=504  \\$aIncludes bibliographical references.
=505  0\$apt. 1. Autobiographics as cure -- pt. 2. The genealogy of psychoanalysis -- pt. 3. The self and the sign -- pt. 4. Autobiographics as Reste : Derrida's Glas -- pt. 5. The Fort/Da of autobiography.
=530  \\$aAlso available in print format.
=600  10$aDerrida, Jacques.
=600  10$aFreud, Sigmund,$d1856-1939.
=650  \0$aAutobiography.
=650  \0$aBiography as a literary form.
=650  \0$aInfluence (Literary, artistic, etc.)
=655  \7$aElectronic books.$2lcsh
=776  08$iPrint version: $z9781138939899$q(Hardback)
=793  0\$aTaylor & Francis online monographs (UCSD)
=856 40$zTaylor & Francis. Restricted to UCSD IP addresses.$uhttps://www.taylorfrancis.com/books/9781317379553

