=LDR  02041cam a2200517Ii 4500
=001  TF9781315838076
=003  FlBoTFG
=005  20180331111825.0
=006  m\\\\\o\\d\\\\\\\\
=007  cr\\\\\\\\\\\\
=008  180331r20132002enka\\\\ob\\\\001\0\eng\d
=020  \\$a9781317875789 (e-book: PDF)$q(e-book : PDF)
=020  \\$z9781317875789$q(e-book: PDF)
=020  \\$z9781317875772$q(e-book: ePub)
=020  \\$z9781317875765$q(e-book: Mobi)
=020  \\$z9781138835351$q(hardback)
=020  \\$z9780582418769$q(paperback)
=020  \\$a9781315838076 (e-book)
=020  \\$a9781317875765 (e-book: Mobi)
=020  \\$a9781317875772 (e-book: ePub)
=020  \\$a9781138835351 (hardback)
=020  \\$a9780582418769 (paperback)
=024  7\$a10.4324/9781315838076 $2doi
=035  \\$a(OCoLC)864744339
=040  \\$aFlBoTFG$cFlBoTFG$erda$beng
=050  \4$aD639.W7$bG73 2013
=082  04$a940.3082$bG784
=100  1\$aGrayzel, Susan R.,$eauthor.
=245  10$aWomen and the First World War /$cSusan R. Grayzel.
=264  \1$aLondon ;$aNew York :$bRoutledge,$c©2013.
=300  \\$a1 online resource (xvii, 193 pages) :$billustrations, text file, PDF
=336  \\$atext$2rdacontent
=337  \\$acomputer$2rdamedia
=338  \\$aonline resource$2rdacarrier
=490  1\$aSeminar studies in history
=500  \\$a"First published 2002 by Pearson Education Limited"--T.p. verso.
=504  \\$aIncludes bibliographical references (p. 166-179) and index.
=505  0\$apt. 1. Backdrop -- pt. 2. Experiences of war -- pt. 3. Effects of war -- pt. 4. Documents.
=530  \\$aAlso available in print format.
=650  \0$aWomen in war.
=650  \0$aWomen$xSocial conditions$y20th century.
=650  \0$aWorld War, 1914-1918$xWomen.
=655  \7$aElectronic books.$2lcsh
=776  08$iPrint version: $z9781138835351$q(Hardback)
=793  0\$aTaylor & Francis online monographs (UCSD)
=830  \0$aSeminar studies in history.
=856 40$zTaylor & Francis. Restricted to UCSD IP addresses.$uhttps://www.taylorfrancis.com/books/9781317875789

