=LDR  02949cam a2200493Ii 4500
=001  TF9781315416137
=003  FlBoTFG
=005  20180330125217.0
=006  m\\\\\o\\d\\\\\\\\
=007  cr\\\\\\\\\\\\
=008  180331r20162015enka\\\\ob\\\\001\0\eng\d
=020  \\$a9781315416120 (e-book: PDF)$q(e-book : PDF)
=020  \\$z9781315416120$q(e-book: PDF)
=020  \\$z9781315416113$q(e-book: ePub)
=020  \\$z9781315416106$q(e-book: Mobi)
=020  \\$z9781611328677$q(hardback)
=020  \\$z9781611328684$q(paperback)
=020  \\$a9781315416137 (e-book)
=020  \\$a9781315416106 (e-book: Mobi)
=020  \\$a9781315416113 (e-book: ePub)
=020  \\$a9781611328677 (hardback)
=020  \\$a9781611328684 (paperback)
=024  7\$a10.4324/9781315416137 $2doi
=035  \\$a(OCoLC)953801984
=040  \\$aFlBoTFG$cFlBoTFG$erda$beng
=050  \4$aGT3912$b.U53 2016
=082  04$a080$bU554
=245  00$aUndiferstanding graffiti :$bmultidisciplinary studies from prehistory to the present /$cedited by Troy Lovata & Elizabeth Olton.
=264  \1$aLondon :$bRoutledge,$c©2016.
=300  \\$a1 online resource (278 pages) :$billustrations, text file, PDF
=336  \\$atext$btxt$2rdacontent
=337  \\$acomputer$bc$2rdamedia
=338  \\$aonline resource$bcr$2rdacarrier
=500  \\$aFirst published 2015 by Left Coast Press, Inc.
=504  \\$aIncludes bibliographical references (p. 243-266) and index.
=505  0\$asect. I. Undiferstanding the function of graffiti -- sect. II. Undiferstanding the form & context of graffiti -- sect. III. Undiferstanding graffiti as a witness to history -- sect. IV. Undiferstanding the politics of graffiti.
=520  \\$a"This collection of original articles brings together for the first time the research on graffiti from a wide range of geographical and chronological contexts and shows how they are interpreted in various fields. Examples range as widely as medieval European cliff carvings to tags on New York subway cars to messages left in library bathrooms. In total, the authors legitimize the study of graffiti as a multidisciplinary pursuit that can produce useful knowledge of individuals, cultures, and nations. The chapters -represent 20 authors from six countries; -offer perspectives of disciplines as diverse as archaeology, history, art history, museum studies, and sociology; -elicit common themes of authority and its subversion, the identity work of subcultures and countercultures, and presentation of privilege and status"--$cProvided by publisher.
=530  \\$aAlso available in print format.
=650  \0$aGraffiti$xHistory.
=655  \7$aElectronic books.$2lcsh
=700  1\$aLovata, Troy,$d1972-
=700  1\$aOlton, Elizabeth.
=776  08$iPrint version: $z9781611328677(Hardback)$w 2015008320
=793  0\$aTaylor & Francis online monographs (UCSD)
=856 40$zTaylor & Francis. Restricted to UCSD IP addresses.$uhttps://www.taylorfrancis.com/books/9781315416120

