=LDR  02377cam a2200517Ii 4500
=001  TF9781136962752
=003  FlBoTFG
=005  20180331102445.0
=006  m\\\\\o\\d\\\\\\\\
=007  cr\\\\\\\\\\\\
=008  130331s2016\\\\nyu\\\\\ob\\\\001\0\eng\d
=020  \\$a9781136962752$q(e-book: PDF)
=020  \\$z9780203850497$q(e-book : PDF)
=020  \\$z9780415880152$q(hardback)
=020  \\$z9780415880169$q(paperback)
=020  \\$z9781136962745$q(e-book: ePub)
=020  \\$z9781136962707$q(e-book: Mobi)
=020  \\$a9780203850497 (e-book)
=020  \\$a9781136962707 (e-book: Mobi)
=020  \\$a9781136962745 (e-book: ePub)
=020  \\$a9780415880152 (hardback)
=020  \\$a9780415880169 (paperback)
=024  7\$a10.4324/9780203850497 $2doi
=035  \\$a(OCoLC)941779253
=040  \\$aFlBoTFG$cFlBoTFG$erda$beng
=050  \4$aP53.85$b.C67 2016
=082  04$a418.0071$bC761
=245  00$aContent-based foreign language teaching :$bcurriculum and pedagogy for developing advanced thinking and literacy skills /$cedited by Laurent Cammarata.
=264  \1$aNew York :$bRoutledge,$c©2016.
=300  \\$a1 online resource (xiv, 276 pages) :$btext file, PDF
=336  \\$atext$2rdacontent
=337  \\$acomputer$2rdamedia
=338  \\$aonline resource$2rdacarrier
=504  \\$aIncludes bibliographical references and index.
=505  0\$apt. 1. Theoretical perspectives and empirical evidence -- pt. 2. Curriculum development for the thinking-oriented foreign language classroom -- pt. 3. Critical pedagogy and the foreign language classroom -- pt. 4. Exemplars of cognitively engaging curriculum planning for the foreign language classroom.
=530  \\$aAlso available in print format.
=650  \0$aCritical thinking$xStudy and teaching.
=650  \0$aInterdisciplinary approach in education.
=650  \0$aLanguage and languages$xStudy and teaching$xForeign speakers.
=650  \0$aLanguage arts$xCorrelation with content subjects.
=650  \0$aLanguage teachers$xTraining of.
=650  \0$aTeacher participation in curriculum planning.
=655  \7$aElectronic books.$2lcsh
=700  1\$aCammarata, Laurent.
=776  08$iPrint version: $z9780415880152(Hardback)$w(DLC) 2015038013
=793  0\$aTaylor & Francis online monographs (UCSD)
=856 40$zTaylor & Francis. Restricted to UCSD IP addresses.$uhttps://www.taylorfrancis.com/books/9781136962752

