=LDR  03016cam a2200505Ii 4500
=001  TF9781315648668
=003  FlBoTFG
=005  20180331111825.0
=006  m\\\\\o\\d\\\\\\\\
=007  cr\\\\\\\\\\\\
=008  180331s2016\\\\nyuad\\\ob\\\\001\0\eng\d
=020  \\$a9781317301691 (e-book: PDF)$q(e-book : PDF)
=020  \\$z9781317301691$q(e-book: PDF)
=020  \\$z9781317301684$q(e-book: ePub)
=020  \\$z9781317301677$q(e-book: Mobi)
=020  \\$z9781138123731$q(hardback)
=020  \\$a9781315648668 (e-book)
=020  \\$a9781317301677 (e-book: Mobi)
=020  \\$a9781317301684 (e-book: ePub)
=020  \\$a9781138123731 (hardback)
=024  7\$a10.4324/9781315648668 $2doi
=035  \\$a(OCoLC)948605386
=040  \\$aFlBoTFG$cFlBoTFG$erda$beng
=043  \\$af------
=050  \4$aHG187.5.A2$bA25 2016
=082  04$a332.096$bA178
=245  00$aAchieving financial stability and growth in Africa /$cedited by Stephany Griffith-Jones and Ricardo Gottschalk.
=264  \1$aNew York :$bRoutledge,$c©2016.
=300  \\$a1 online resource (xvi, 186 pages) :$billustrations, text file, PDF
=336  \\$atext$2rdacontent
=337  \\$acomputer$2rdamedia
=338  \\$aonline resource$2rdacarrier
=490  1\$aRoutledge critical studies in finance and stability ;$v8
=504  \\$aIncludes bibliographical references and index.
=505  0\$a1. A financial sector to support development in low-income countries / Stephany Griffith-Jones with Ewa Karwowski and Florence Dafe -- 2. Financial regulation, stability and growth in low-income countries : a review of the evidence and agenda for research / Stephen Spratt -- 3. Literature survey on capital account management in low-income countries / Isabella Massa -- 4. Assessing capacity constraints for effective financial regulation in Sub-Saharan Africa / Ricardo Gottschalk -- 5. Financial regulation in Kenya : balancing inclusive growth with financial stability / Francis M. Mwega -- 6. Financial regulation in Ghana : balancing inclusive growth with financial stability / Charles Ackah and Johnson P. Asiamah -- 7. Financial regulation in low-income countries : balancing inclusive growth with financial stability : the Nigerian case / Olu Ajakaiye and Sheriffdeen Tella -- 8. Financial inclusion, regulation and inclusive growth in Ethiopia / Getnet Alemu -- 9. Conclusions / Stephany Griffith-Jones, Ricardo Gottschalk and Stephan Spratt.
=530  \\$aAlso available in print format.
=650  \0$aEconomic development$zAfrica.
=650  \0$aFinance$zAfrica$vCase studies.
=651  \0$aAfrica$xEconomic policy.
=655  \7$aElectronic books.$2lcsh
=700  1\$aGottschalk, Ricardo,$d1964-
=700  1\$aGriffith-Jones, Stephany.
=776  08$iPrint version: $z9781138123731(Hardback)$w 2015035499
=793  0\$aTaylor & Francis online monographs (UCSD)
=830  \0$aRoutledge critical studies in finance and stability ;$v8.
=856 40$zTaylor & Francis. Restricted to UCSD IP addresses.$uhttps://www.taylorfrancis.com/books/9781317301691

