=LDR  03000cam a2200553Ii 4500
=001  TF9781315611372
=003  FlBoTFG
=005  20180331102445.0
=006  m\\\\\o\\d\\\\\\\\
=007  cr\\\\\\\\\\\\
=008  180331r20162015enk\\\\\ob\\\\001\0\eng\d
=020  \\$a9781317048220 (e-book: PDF)$q(e-book : PDF)
=020  \\$z9781317048220$q(e-book: PDF)
=020  \\$z9781317048213$q(e-book: ePub)
=020  \\$z9781317048206$q(e-book: Mobi)
=020  \\$z9781472451248$q(hardback)
=020  \\$z9781138701731$q(paperback)
=020  \\$a9781315611372 (e-book)
=020  \\$a9781317048206 (e-book: Mobi)
=020  \\$a9781317048213 (e-book: ePub)
=020  \\$a9781472451248 (hardback)
=020  \\$a9781138701731 (paperback)
=024  7\$a10.4324/9781315611372 $2doi
=035  \\$a(OCoLC)948603259
=040  \\$aFlBoTFG$cFlBoTFG$erda$beng
=043  \\$au-at---
=050  \4$aK700$b.S87 2016
=082  04$a346.017$bS962
=245  00$aSurrogacy, law and human rights /$cedited by Paula Gerber [and] Katie O'Byrne.
=264  \1$aLondon ;$aNew York :$bRoutledge,$c©2016.
=300  \\$a1 online resource :$btext file, PDF
=336  \\$atext$2rdacontent
=337  \\$acomputer$2rdamedia
=338  \\$aonline resource$2rdacarrier
=500  \\$a"First published 2015 by Ashgate Publishing"--t.p. verso.
=504  \\$aIncludes bibliographical references and index.
=505  0\$a1. Surrogacy and human rights : contemporary, complex, contested and controversial / Katie O'Byrne and Paula Gerber -- 2. Surrogacy : a personal perspective / Anthony Wood -- 3. Theoretical approaches to human dignity, human rights and surrogacy / Kate Galloway -- 4. Through the looking-glass : a proposal for national reform of Australia's surrogacy legislation / Tammy Johnson -- 5. Extra-territoriality and surrogacy : the problem of state and territory moral sovereignty / Anita Stuhmcke -- 6. Souls in the house of tomorrow : the rights of children born via surrogacy / Paula Gerber and Katie O'Byrne -- 7. The surrogate in commercial surrogacy : legal and ethical considerations / Sonia Allan -- 8. Recognition of parentage in surrogacy arrangements in Australia / Alexandra Harland and Cressida Limon --9.  Surrogacy in India : strong demand, weak laws / Normann Witzleb and Anurag Chawla -- 10. Surrogacy : American style / Richard F. Storrow.
=530  \\$aAlso available in print format.
=538  \\$aMode of access: World Wide Web.
=650  \0$aHuman rights$zAustralia.
=650  \0$aHuman rights.
=650  \0$aSurrogate motherhood.
=650  \0$aSurrogate mothers$xLegal status, laws, etc.
=650  \0$aSurrogate mothers$xLegal status, laws, etc.$zAustralia.
=655  \7$aElectronic books.$2lcsh
=700  1\$aGerber, Paula.
=700  1\$aO'Byrne, Katie.
=776  08$iPrint version: $z9781472451248(Hardback)$w 2014049973
=793  0\$aTaylor & Francis online monographs (UCSD)
=856 40$zTaylor & Francis. Restricted to UCSD IP addresses.$uhttps://www.taylorfrancis.com/books/9781317048220

