=LDR  02081cam a2200493Ii 4500
=001  TF9781317292876
=003  FlBoTFG
=005  20180420170034.0
=006  m\\\\\o\\d\\\\\\\\
=007  cr\\\\\\\\\\\\
=008  180420s20151999enkade\\ob\\\\001\0\eng\d
=020  \\$a9781317292876$q(e-book: PDF)
=020  \\$z9781315645728$q(e-book)
=020  \\$z9781317292869$q(e-book: ePub)
=020  \\$z9781317292852$q(e-book: Mobi)
=020  \\$z9781138183537$q(hardback)
=020  \\$z9781138183575$q(paperback)
=020  \\$a9781315645728 (e-book)
=020  \\$a9781317292852 (e-book: Mobi)
=020  \\$a9781317292869 (e-book: ePub)
=020  \\$a9781138183537 (hardback)
=020  \\$a9781138183575 (paperback)
=035  \\$a(OCoLC)958109057
=040  \\$aFlBoTFG$cFlBoTFG$erda
=050  \4$aNA2728$b.H47 2015
=082  04$a720.2840285536$bH572
=100  1\$aHershberger, Robert G.,$eauthor.
=245  10$aArchitectural programming and predesign manager /$cRobert G. Hershberger.
=264  \1$aAbingdon, Oxon :$bRoutledge,$c©2015.
=300  \\$a1 online resource (xix, 506 pages) :$billustrations, text file, PDF.
=336  \\$atext$2rdacontent
=337  \\$acomputer$2rdamedia
=338  \\$aonline resource$2rdacarrier
=490  1\$aRoutledge revivals
=500  \\$aFirst published in 1999 by McGraw-Hill Companies, Inc.
=504  \\$aIncludes bibliographical references and index.
=505  0\$ach. 1. Architectural programming -- ch. 2. Values and architecture -- ch. 3. Values become issues -- ch. 4. Preparing to program -- ch. 5. Information gathering -- ch. 6. Work sessions -- ch. 7. Program preparation -- ch. 8. Methods of evaluation.
=530  \\$aAlso available in print format.
=650  \0$aArchitectural design$xData processing.
=650  \0$aComputer-aided design.
=655  \7$aElectronic books.$2lcsh
=776  08$iPrint version: $z9781138183537(Hardback)
=793  0\$aTaylor & Francis online monographs (UCSD)
=830  \0$aRoutledge revivals.
=856 40$zTaylor & Francis. Restricted to UCSD IP addresses.$uhttps://www.taylorfrancis.com/books/9781317292876

