=LDR  02112cam a2200517Ii 4500
=001  TF9781315524979
=003  FlBoTFG
=005  20180330125217.0
=006  m\\\\\o\\d\\\\\\\\
=007  cr\\\\\\\\\\\\
=008  180331s2017\\\\enk\\\\\ob\\\\001\0\eng\d
=020  \\$a9781315524962 (e-book: PDF)$q(e-book : PDF)
=020  \\$z9781315524962$q(e-book: PDF)
=020  \\$z9781315524948$q(e-book: Mobi)
=020  \\$z9781138696235$q(hardback)
=020  \\$z9781138696242$q(paperback)
=020  \\$a9781315524979 (e-book)
=020  \\$a9781315524948 (e-book: Mobi)
=020  \\$a9781138696235 (hardback)
=020  \\$a9781138696242 (paperback)
=024  7\$a10.4324/9781315524979 $2doi
=035  \\$a(OCoLC)959609345
=040  \\$aFlBoTFG$beng$erda$cFlBoTFG
=043  \\$aa-ch---$aa-cc---
=050  \4$aDS799.63.C6$bC65 2017
=082  04$a327.51249051$bC691
=100  1\$aCole, J. Michael,$eauthor.
=245  10$aConvergence or conflict in the Taiwan Strait :$bthe illusion of peace? /$cJ. Michael Cole.
=264  \1$aAbingdon, Oxon ;$aNew York, N.Y. :$bRoutledge,$c©2017.
=300  \\$a1 online resource :$btext file, PDF
=336  \\$atext$btxt$2rdacontent
=337  \\$acomputer$bc$2rdamedia
=338  \\$aonline resource$bcr$2rdacarrier
=490  1\$aRoutledge research on Taiwan ;$v18
=504  \\$aIncludes bibliographical references and index.
=505  0\$aPart I. The convenient illusion -- Part 2. Taiwan's democratic firewall -- Part 3. Convergence or conflict? -- Part 4. Why Taiwan matters.
=530  \\$aAlso available in print format.
=650  \0$aCivil society$zTaiwan.
=650  \0$aNationalism$zTaiwan.
=651  \0$aChina$xForeign relations$zTaiwan.
=651  \0$aTaiwan$xForeign relations$zChina.
=651  \0$aTaiwan$xPolitics and government$y21st century.
=655  \7$aElectronic books.$2lcsh
=776  08$iPrint version: $z9781138696235(Hardback)$w 2016013419
=793  0\$aTaylor & Francis online monographs (UCSD)
=830  \0$aRoutledge research on Taiwan ;$v18.
=856 40$zTaylor & Francis. Restricted to UCSD IP addresses.$uhttps://www.taylorfrancis.com/books/9781315524962

