=LDR  04376cam a2200613Ii 4500
=001  TF9781315720326
=003  FlBoTFG
=005  20180331111825.0
=006  m\\\\\o\\d\\\\\\\\
=007  cr\\\\\\\\\\\\
=008  180331s2016\\\\enk\\\\\ob\\\\001\0\eng\d
=020  \\$a9781317518624 (e-book: PDF)$q(e-book : PDF)
=020  \\$z9781317518624$q(e-book: PDF)
=020  \\$z9781317518617$q(e-book: ePub)
=020  \\$z9781317518600$q(e-book: Mobi)
=020  \\$z9781138855526$q(hardback)
=020  \\$z9781138590625$q(paperback)
=020  \\$a9781315720326 (e-book)
=020  \\$a9781317518600 (e-book: Mobi)
=020  \\$a9781317518617 (e-book: ePub)
=020  \\$a9781138855526 (hardback)
=020  \\$a9781138590625 (paperback)
=024  7\$a10.4324/9781315720326 $2doi
=035  \\$a(OCoLC)930083106
=040  \\$aFlBoTFG$cFlBoTFG$erda$beng
=043  \\$aa-kr---$ae-ur---$aa-cc---
=050  \4$aDS915.37$b.T55 2016
=082  04$a327.51900904$bT568
=100  1\$aTikhonov, V. M.$q(Vladimir Mikhaâilovich),$d1973-,$eauthor.
=245  10$aModern Korea and its others :$bperceptions of the neighbouring countries and Korean modernity /$cVladimir Tikhonov.
=264  \1$aLondon ;$aNew York :$bRoutledge,$c©2016.
=300  \\$a1 online resource (xiv, 228 pages) :$btext file, PDF
=336  \\$atext$2rdacontent
=337  \\$acomputer$2rdamedia
=338  \\$aonline resource$2rdacarrier
=490  1\$aRoutledge advances in Korean studies ;$v33
=504  \\$aIncludes bibliographical references and index.
=505  0\$apt. 1. Russia : an oriental occident? -- pt. 2. China : centre-turned-periphery-turned-hope for the future -- pt. 3. Japan : model and conqueror, eternally alien?
=520  2\$a"The period spanning the 1880s to 1945 was a crucially important formative time for Korea, during which understandings of modernity were largely shaped by the images of Korea's neighbours to the east, west and north. China, Japan and Russia represented at some moments modern threats, but also denoted a range of alternative modernity possibilities, and ultimately provided a model for Korea's pre-colonial and colonial modernity. This book explores the way in which modern Korea perceived its geographic neighbours from the 1890s until 1945. It shows that Korea's modern nationalism was at the same time internationalist in its orientation, as the vision of Korea's ideal place in the world and brighter national future was often linked to the examples (positive and negative), threats (perceived and real) and allies abroad. Exploring the importance of the international knowledge and experience for the formation of the Korean nationalist paradigms, it offers nuance to the existing picture of the international connections and environment of the Korean national movements. It shows that the picture of Japan inside the anti-Japanese independence movement of the colonial period was more complicated than simple hatred of the invaders: modern achievements of Japan were admired even by anti-colonial nationalists as a possible model for Korea. The book also demonstrates the extent to which Chinese and Soviet revolutions influenced the thinking of modern Korean intellectuals across the whole ideological spectrum. Introducing new sources presented in English for the first time, and including themes such as race and ethnicity, global revolution, and gender, this book will be of great interest to students and scholars of Korean, East Asian and Russian history"--Provided by publisher.
=530  \\$aAlso available in print format.
=650  \0$aNationalism$zKorea$xHistory.
=650  \0$aPublic opinion$zKorea$xHistory.
=650  \0$aSocial change$zKorea$xHistory.
=651  \0$aChina$xForeign public opinion, Korean.
=651  \0$aJapan$xForeign public opinion, Korean.
=651  \0$aKorea$xColonial influence.
=651  \0$aKorea$xForeign relations$y1864-1910.
=651  \0$aKorea$xForeign relations$y20th century.
=651  \0$aKorea$xIntellectual life.
=651  \0$aRussia$xForeign public opinion, Korean.
=655  \7$aElectronic books.$2lcsh
=776  08$iPrint version: $z9781138855526$q(Hardback)$w(DLC) 2015021761
=793  0\$aTaylor & Francis online monographs (UCSD)
=830  \0$aRoutledge advances in Korean studies ;$v33.
=856 40$zTaylor & Francis. Restricted to UCSD IP addresses.$uhttps://www.taylorfrancis.com/books/9781317518624

