=LDR  01780cam a2200433Ii 4500
=001  TF9781315674162
=003  FlBoTFG
=005  20180330125217.0
=006  m\\\\\o\\d\\\\\\\\
=007  cr\\\\\\\\\\\\
=008  180331s2017\\\\nyua\\\\ob\\\\001\0\eng\d
=020  \\$a9781317378358 (e-book: PDF)$q(e-book : PDF)
=020  \\$z9781317378358$q(e-book: PDF)
=020  \\$z9781317378334$q(e-book: Mobi)
=020  \\$z9781138940673$q(hardback)
=020  \\$a9781315674162 (e-book)
=020  \\$a9781317378334 (e-book: Mobi)
=020  \\$a9781138940673 (hardback)
=024  7\$a10.4324/9781315674162 $2doi
=035  \\$a(OCoLC)967096678
=040  \\$aFlBoTFG$cFlBoTFG$erda$beng
=050  \4$aQH506$b.P45 2017
=082  04$a572.8$bP568
=245  00$aPhilosophy of molecular medicine :$bfoundational issues in research and practice /$cedited by Giovanni Boniolo and Marco J. Nathan.
=264  \1$aNew York :$bRoutledge,$c©2017.
=300  \\$a1 online resource (viii, 287 pages) :$billustrations, text file, PDF
=336  \\$atext$btxt$2rdacontent
=337  \\$acomputer$bc$2rdamedia
=338  \\$aonline resource$bcr$2rdacarrier
=504  \\$aIncludes bibliographical references and index.
=505  0\$apt. I. Nature, origins, and scope -- pt. II. Explanation -- pt. III. Representation and modeling -- pt. IV. Inference.
=530  \\$aAlso available in print format.
=650  \0$aMolecular biology$xPhilosophy.
=650  \0$aPathology, Molecular.
=655  \7$aElectronic books.$2lcsh
=700  1\$aBoniolo, Giovanni.
=700  1\$aNathan, Marco J.
=776  08$iPrint version: $z9781138940673(Hardback)$w 2016015413
=793  0\$aTaylor & Francis online monographs (UCSD)
=856 40$zTaylor & Francis. Restricted to UCSD IP addresses.$uhttps://www.taylorfrancis.com/books/9781317378358

