=LDR  04254cam a2200493Ii 4500
=001  TF9781315719306
=003  FlBoTFG
=005  20180331111825.0
=006  m\\\\\o\\d\\\\\\\\
=007  cr\\\\\\\\\\\\
=008  180331s2017\\\\enk\\\\\ob\\\\001\0\eng\d
=020  \\$a9781317515593 (e-book: PDF)$q(e-book : PDF)
=020  \\$z9781317515593$q(e-book: PDF)
=020  \\$z9781317515586$q(e-book: ePub)
=020  \\$z9781317515579$q(e-book: Mobi)
=020  \\$z9781138856714$q(hardback)
=020  \\$a9781315719306 (e-book)
=020  \\$a9781317515579 (e-book: Mobi)
=020  \\$a9781317515586 (e-book: ePub)
=020  \\$a9781138856714 (hardback)
=024  7\$a10.4324/9781315719306 $2doi
=035  \\$a(OCoLC)953692403
=040  \\$aFlBoTFG$cFlBoTFG$erda$beng
=050  \4$aG155.A1$bP79 2017
=082  04$a338.4791$bP967
=245  00$aProtest and resistance in the tourist city /$cedited by Claire Colomb and Johannes Novy.
=264  \1$aAbingdon, Oxon ;$aNew York, N.Y. :$bRoutledge is an imprint of the Taylor & Francis Group, an informa business,$c©[2017]
=300  \\$a1 online resource (xiv, 343 pages) :$btext file, PDF
=336  \\$atext$2rdacontent
=337  \\$acomputer$2rdamedia
=338  \\$aonline resource$2rdacarrier
=490  1\$aContemporary geographies of leisure, tourism and mobility
=504  \\$aIncludes bibliographical references and index.
=505  0\$a1. Urban tourism and its discontents : an introduction / Johannes Novy and Claire Colomb -- 2. No conflict? : discourses and management of tourism-related tensions in Paris / Maria Gravari-Barbas and Sebastien Jacquot -- 3. The selling (out) of Berlin and the de- and re-politicization of urban tourism in Europe's "Capital of Cool" / Johannes Novy -- 4. Touristification and awakening civil society in post-socialist Prague / Michaela Pixova and Jan Sladek -- 5. Density wars in Silicon Beach : the struggle to mix new spaces for toil, stay and play in Santa Monica, California / Deike Peters -- 6. Contesting China's tourism wave : identity politics, protest, and the rise of the Hongkonger city state movement / Daniel Garrett -- 7. From San Francisco's "Tech Boom 2.0" to Valparaiso's UNESCO World Heritage Site : resistance to tourism gentrification in a comparative political perspective / Florian Opillard -- 8. Tourism provision as protest in "post-conflict" Belfast / Emily Bereskin -- 9. The "No Grandi Navi" campaign : protests against cruise tourism in Venice / Michele Vianello -- 10. Favela tourism : negotiating visitors, socio-economic benefits, image and representation in Pre-Olympics Rio de Janeiro / Anne-Marie Broudehoux -- 11. Politics as early as possible : democratizing the Olympics by contesting Olympic bids / John Lauermann -- 12. Attracting international tourism through mega-events and the birth of a conflict culture in Belo Horizonte / Lucia Capanema Alvares, Altamiro S. Mol Bessa, Thiago Pinto Barbosa and Karina Machado de Castro Simao -- 13. The right to Gaudi : What can we learn from the commoning of Park Guell, Barcelona? / Albert Arias-Sans and Antonio Paolo Russo -- 14. Of artisans, antique dealers, and ambulant vendors : culturally stratified conflicts in Buenos Aires' historic centre / Jacob Lederman --15. The abrupt rise (and fall) of creative entrepreneurs : socio-economic change, the visitor economy and social conflict in a traditional neighbourhood of Shanghai / Non Arkaraprasertkul -- 16. The living vs. the dead in Singapore : contesting the authoritarian tourist city / Jason D. Luger -- 17. "Fantasies of antithesis" : assessing Hamburg's Gangeviertel as a tourist attraction / Nina Fraeser.
=530  \\$aAlso available in print format.
=650  \0$aCities and towns$vCase studies.
=650  \0$aTourism and city planning$vCase studies.
=650  \0$aTourism$xSocial aspects$vCase studies.
=655  \7$aElectronic books.$2lcsh
=700  1\$aColomb, Claire.
=700  1\$aNovy, Johannes.
=776  08$iPrint version: $z9781138856714$q(Hardback)$w(DLC) 2016003610
=793  0\$aTaylor & Francis online monographs (UCSD)
=830  \0$aContemporary geographies of leisure, tourism, and mobility.
=856 40$zTaylor & Francis. Restricted to UCSD IP addresses.$uhttps://www.taylorfrancis.com/books/9781317515593

