=LDR  03025cam a2200469Ii 4500
=001  TF9781315597027
=003  FlBoTFG
=005  20180331102445.0
=006  m\\\\\o\\d\\\\\\\\
=007  cr\\\\\\\\\\\\
=008  180331s2016\\\\enk\\\\\ob\\\\001\0\eng\d
=020  \\$a9781317091271 (e-book: PDF)$q(e-book : PDF)
=020  \\$z9781317091271$q(e-book: PDF)
=020  \\$z9781317091264$q(e-book: ePub)
=020  \\$z9781317091257$q(e-book: Mobi)
=020  \\$z9781472460219$q(hardback)
=020  \\$a9781315597027 (e-book)
=020  \\$a9781317091257 (e-book: Mobi)
=020  \\$a9781317091264 (e-book: ePub)
=020  \\$a9781472460219 (hardback)
=024  7\$a10.4324/9781315597027 $2doi
=035  \\$a(OCoLC)951101487
=040  \\$aFlBoTFG$cFlBoTFG$erda$beng
=050  \4$aML3800$b.M87 2016
=082  04$a781.1$bM987
=245  00$aMusic's immanent future :$bthe deleuzian turn in music studies /$cedited by Sally Macarthur, Judy Lochhead and Jennifer Shaw.
=264  \1$aLondon :$bRoutledge,$c©2016.
=300  \\$a1 online resource :$btext file, PDF
=336  \\$atext$2rdacontent
=337  \\$acomputer$2rdamedia
=338  \\$aonline resource$2rdacarrier
=504  \\$aIncludes bibliographical references (p. [219]-234) and index.
=505  0\$aThe academic music machine / Sally Macarthur -- From the universal and timeless to the here and now : rethinking music studies / Susan McClary -- Music and the intertextualities of listening, performing and teaching / Jennifer Shaw -- An immanent approach to theory and practice in creative arts research / Joseph Williams -- Intra-active soundings : becoming-coman, becoming-minor / Sally Macarthur and Judy Lochhead -- Chaotic mappings : on the ground with music / Judy Lochhead -- Meeting the composer halfway : which Anne Boyd? / Sally Macarthur -- Schaeffer's sound effects / Ian Stevenson -- Applied aesthetics / Judy Lochhead -- Living colours : an Asian-Pacific conceptual frame for composition / Bruce Crossman -- Kawaii aesthetics and the exchange between anime and music / Paul Smith -- A musical portmanteau : rock viscerality, juxtaposition and modernist textures in Frumious / Holly Harrison -- Immanent listening / Sally Macarthur -- Seeing the sense : imagining a new approach to acousmatic music and listening / Michelle Stead -- Listening to ethnographic Holocaust musical testimony through Jean-Luc Nancy / Joseph Toltz -- Musical becomings / Judy Lochhead -- Material music : speculations on non-human agency in music / Greg Hainge.
=530  \\$aAlso available in print format.
=538  \\$aMode of access: World Wide Web.
=650  \0$aMusic$xPhilosophy and aesthetics.
=655  \7$aElectronic books.$2lcsh
=700  1\$aLochhead, Judith Irene.
=700  1\$aMacarthur, Sally.
=700  1\$aShaw, Jennifer Robin.
=776  08$iPrint version: $z9781472460219(Hardback)$w 2015029920
=793  0\$aTaylor & Francis online monographs (UCSD)
=856 40$zTaylor & Francis. Restricted to UCSD IP addresses.$uhttps://www.taylorfrancis.com/books/9781317091271

