=LDR  02248cam a2200565Ii 4500
=001  TF9781315735887
=003  FlBoTFG
=005  20180331111825.0
=006  m\\\\\o\\d\\\\\\\\
=007  cr\\\\\\\\\\\\
=008  180331s2017\\\\enkab\\\ob\\\\001\0\eng\d
=020  \\$a9781317565314 (e-book: PDF)$q(e-book : PDF)
=020  \\$z9781317565314$q(e-book: PDF)
=020  \\$z9781317565307$q(e-book: ePub)
=020  \\$z9781317565291$q(e-book: Mobi)
=020  \\$z9781138832671$q(hardback)
=020  \\$z9781138832695$q(paperback)
=020  \\$a9781315735887 (e-book)
=020  \\$a9781317565291 (e-book: Mobi)
=020  \\$a9781317565307 (e-book: ePub)
=020  \\$a9781138832671 (hardback)
=020  \\$a9781138832695 (paperback)
=024  7\$a10.4324/9781315735887 $2doi
=035  \\$a(OCoLC)953633330
=040  \\$aFlBoTFG$cFlBoTFG$erda$beng
=050  \4$aHT166$b.O4 2017
=082  04$a307.121609$bO53
=245  00$aOlympic cities :$bcity agendas, planning, and the world's games, 1896-2020 /$cedited by John R. Gold and Margaret M. Gold.
=250  \\$aThird edition.
=264  \1$aLondon ;$aNew York :$bRoutledge,$c©2017.
=300  \\$a1 online resource (xviii, 484 pages) :$billustrations, text file, PDF
=336  \\$atext$2rdacontent
=337  \\$acomputer$2rdamedia
=338  \\$aonline resource$2rdacarrier
=490  1\$aPlanning, history and the environment series
=504  \\$aIncludes bibliographical references and index.
=505  0\$apt. 1. The Olympic festival -- pt. 2. Planning and management -- pt. 3. City portraits.
=530  \\$aAlso available in print format.
=650  \0$aCity planning$xHistory.
=650  \0$aMunicipal government$xHistory.
=650  \0$aMunicipal services$xHistory.
=650  \0$aOlympics$xHistory.
=650  \0$aOlympics$xManagement$xHistory.
=650  \0$aOlympics$xPlanning.
=655  \7$aElectronic books.$2lcsh
=700  1\$aGold, John R.,$d1949-
=700  1\$aGold, Margaret M.
=776  08$iPrint version: $z9781138832671$q(Hardback)$w(DLC) 2016021151
=793  0\$aTaylor & Francis online monographs (UCSD)
=830  \0$aPlanning, history and the environment series.
=856 40$zTaylor & Francis. Restricted to UCSD IP addresses.$uhttps://www.taylorfrancis.com/books/9781317565314

