=LDR  03266cam a2200517Ii 4500
=001  TF9781315583938
=003  FlBoTFG
=005  20180331102445.0
=006  m\\\\\o\\d\\\\\\\\
=007  cr\\\\\\\\\\\\
=008  180331s2016\\\\enka\\\\ob\\\\001\1\eng\d
=020  \\$a9781317130543 (e-book: PDF)$q(e-book : PDF)
=020  \\$z9781317130543$q(e-book: PDF)
=020  \\$z9781317130536$q(e-book: ePub)
=020  \\$z9781317130529$q(e-book: Mobi)
=020  \\$z9781472447531$q(hardback)
=020  \\$a9781315583938 (e-book)
=020  \\$a9781317130529 (e-book: Mobi)
=020  \\$a9781317130536 (e-book: ePub)
=020  \\$a9781472447531 (hardback)
=024  7\$a10.4324/9781315583938 $2doi
=035  \\$a(OCoLC)951217500
=040  \\$aFlBoTFG$cFlBoTFG$erda$beng
=050  \4$aP96.F36$bG46 2016
=082  04$a700.415$bG325
=245  00$aGender and sexuality in contemporary popular fantasy :$bbeyond boy wizards and kick-ass chicks /$cedited by Jude Roberts and Esther MacCallum-Stewart.
=264  \1$aLondon ;$aNew York :$bRoutledge,$c©2016.
=300  \\$a1 online resource (184 pages) :$billustrations, text file, PDF
=336  \\$atext$2rdacontent
=337  \\$acomputer$2rdamedia
=338  \\$aonline resource$2rdacarrier
=490  1\$aCultural politics of media and popular culture
=504  \\$aIncludes bibliographical references and index.
=505  0\$a1. Hiding in plain sight : the invisibility of queer fantasy / Stephen Kenneally -- 2. Queering magic : Robin Hobb and fantasy literature's radical potential / Lenise Prater -- 3. 'It takes a pack to raise a child' : anti-conservatism and the non-normative families in Gail Carriger's Parasol protectorate series / Katharine Harris -- 4. Strange boys, queer boys : gay representations in young adult fantastic fiction / Andrew M. Butler -- 5. Even better than the real thing : fantasy and phantasy in Boys' Love manga / Anna Madill -- 6. Turning people into things : object relations and posthuman reproduction in weird short fiction / Lisa Bennett -- 7. 'Everything's interconnected' : anarchy, ecology and sexuality in Lost girls and Swamp thing / Matthew J.A. Green -- 8. Playing past the 'straight male gamer' : from modding Edwin(a) to bisexual Zevran in BioWare games / Steven Holmes -- 9. Playing with gender : (re-)imagining women and men in fantasy board games / Adam Brown and Deb Waterhouse-Watson -- 10. Supernaturaly hymens and bodies from hell : screening virginity through the gothic body / Katherine Farrimond -- 11. The tale of the women : female gender, gender roles, and sexuality in Emma Donoghue's Kissing the witch / Keridwen N. Luis.
=530  \\$aAlso available in print format.
=538  \\$aMode of access: World Wide Web.
=650  \0$aFantasy fiction.
=650  \0$aFantasy in mass media.
=650  \0$aSex in mass media.
=650  \0$aSex role in mass media.
=655  \7$aElectronic books.$2lcsh
=700  1\$aMacCallum-Stewart, Esther.
=700  1\$aRoberts, Jude.
=776  08$iPrint version: $z9781472447531(Hardback)$w 2015045516
=793  0\$aTaylor & Francis online monographs (UCSD)
=830  \0$aCultural politics of media and popular culture.
=856 40$zTaylor & Francis. Restricted to UCSD IP addresses.$uhttps://www.taylorfrancis.com/books/9781317130543

