=LDR  02535cam a2200493Ii 4500
=001  TF9781315571782
=003  FlBoTFG
=005  20180331102445.0
=006  m\\\\\o\\d\\\\\\\\
=007  cr\\\\\\\\\\\\
=008  180331s2017\\\\nyua\\\\ob\\\\001\0\eng\d
=020  \\$a9781317166993 (e-book: PDF)$q(e-book : PDF)
=020  \\$z9781317166993$q(e-book: PDF)
=020  \\$z9781317166979$q(e-book: Mobi)
=020  \\$z9781472480217$q(hardback)
=020  \\$a9781315571782 (e-book)
=020  \\$a9781317166979 (e-book: Mobi)
=020  \\$a9781472480217 (hardback)
=024  7\$a10.4324/9781315571782 $2doi
=035  \\$a(OCoLC)965127135
=040  \\$aFlBoTFG$cFlBoTFG$erda$beng
=043  \\$aa-cc---$af------
=050  \4$aHG5822$b.A23 2017
=082  04$a332.6735106$bA947
=100  1\$aAbdulai, David,$eauthor.
=245  10$aChinese investment in Africa :$bhow African countries can position themselves to benefit from China's foray into Africa /$cDavid Abdulai.
=264  \1$aNew York :$bRoutledge,$c©2017.
=300  \\$a1 online resource :$billustrations, text file, PDF
=336  \\$atext$2rdacontent
=337  \\$acomputer$2rdamedia
=338  \\$aonline resource$2rdacarrier
=500  \\$a"A Gower Book"--cover.
=504  \\$aIncludes bibliographical references (p. [165]-176) and index.
=505  0\$a1. The sleeping giant has awoken : China's new great leap forward -- 2. Some of the factors that contributed to China's awakening -- 3. China's entry into the World Trade Organisation (WTO) -- 4. Why is China interested in Africa? -- 5. China's foray into Africa : the benefits -- 6. China's foray into Africa : the criticisms -- 7. Africa and millions of Chinese migrants -- 8. How African countries can position themselves to benefit from China's foray into Africa -- 9. China's foray into Africa : impact on interest of other external players? -- 10. China and Africa : the way forward and prospects for the future.
=530  \\$aAlso available in print format.
=538  \\$aMode of access: World Wide Web.
=650  \0$aInvestments, Chinese$zAfrica.
=650  \0$aNatural resources$xManagement$zAfrica.
=650  \0$aSustainable development$zChina.
=651  \0$aAfrica$xForeign relations$zChina.
=651  \0$aChina$xForeign relations$zAfrica.
=655  \7$aElectronic books.$2lcsh
=776  08$iPrint version: $z9781472480217(Hardback)$w 2016025554
=793  0\$aTaylor & Francis online monographs (UCSD)
=856 40$zTaylor & Francis. Restricted to UCSD IP addresses.$uhttps://www.taylorfrancis.com/books/9781317166993

