=LDR  02004cam a2200493Ii 4500
=001  TF9781315677392
=003  FlBoTFG
=005  20180331111825.0
=006  m\\\\\o\\d\\\\\\\\
=007  cr\\\\\\\\\\\\
=008  180331s2016\\\\enk\\\\\ob\\\\001\0\eng\d
=020  \\$a9781317388043 (e-book: PDF)$q(e-book : PDF)
=020  \\$z9781317388043$q(e-book: PDF)
=020  \\$z9781317388036$q(e-book: ePub)
=020  \\$z9781317388029$q(e-book: Mobi)
=020  \\$z9781138935495$q(hardback)
=020  \\$a9781315677392 (e-book)
=020  \\$a9781317388029 (e-book: Mobi)
=020  \\$a9781317388036 (e-book: ePub)
=020  \\$a9781138935495 (hardback)
=024  7\$a10.4324/9781315677392 $2doi
=035  \\$a(OCoLC)950471250
=040  \\$aFlBoTFG$cFlBoTFG$erda$beng
=043  \\$ai------$ap------
=050  \4$aDS341$b.N48 2016
=082  04$a327.5$bN532
=245  00$aNew regional geopolitics in the Indo-Pacific :$bdrivers, dynamics and consequences /$cedited by Priya Chacko.
=264  \1$aLondon ;$aNew York :$bRoutledge,$c©2016.
=300  \\$a1 online resource (vi, 132 pages) :$btext file, PDF
=336  \\$atext$2rdacontent
=337  \\$acomputer$2rdamedia
=338  \\$aonline resource$2rdacarrier
=490  1\$aRoutledge contemporary Asia series ;$v57
=504  \\$aIncludes bibliographical references and index.
=505  0\$apt. 1. Understanding the rise of the Indo-Pacific -- pt. 2. Reflections on the rise of the Indo-Pacific.
=530  \\$aAlso available in print format.
=650  \0$aGeopolitics$zIndo-Pacific Region.
=651  \0$aIndo-Pacific Region$xForeign relations.
=651  \0$aIndo-Pacific Region$xStrategic aspects.
=655  \7$aElectronic books.$2lcsh
=700  1\$aChacko, Priya.
=776  08$iPrint version: $z9781138935495(Hardback)$w 2015046317
=793  0\$aTaylor & Francis online monographs (UCSD)
=830  \0$aRoutledge contemporary Asia series ;$v57.
=856 40$zTaylor & Francis. Restricted to UCSD IP addresses.$uhttps://www.taylorfrancis.com/books/9781317388043

