=LDR  01929cam a2200505Ii 4500
=001  TF9781315708744
=003  FlBoTFG
=005  20180331111825.0
=006  m\\\\\o\\d\\\\\\\\
=007  cr\\\\\\\\\\\\
=008  180331s2016\\\\enka\\\\ob\\\\001\0\eng\d
=020  \\$a9781317483793 (e-book: PDF)$q(e-book : PDF)
=020  \\$z9781317483793$q(e-book: PDF)
=020  \\$z9781317483786$q(e-book: ePub)
=020  \\$z9781317483779$q(e-book: Mobi)
=020  \\$z9781848722675$q(hardback)
=020  \\$z9781848722682$q(paperback)
=020  \\$a9781315708744 (e-book)
=020  \\$a9781317483779 (e-book: Mobi)
=020  \\$a9781317483786 (e-book: ePub)
=020  \\$a9781848722675 (hardback)
=020  \\$a9781848722682 (paperback)
=024  7\$a10.4324/9781315708744 $2doi
=035  \\$a(OCoLC)1000430230
=040  \\$aFlBoTFG$cFlBoTFG$erda$beng
=050  \4$aBF531$b.P68 2016
=082  04$a152.4$bP887
=100  1\$aPower, Michael J.,$eauthor.
=245  10$aCognition and emotion :$bfrom order to disorder /$cMick Power and Tim Dalgleish.
=250  \\$aThird edition.
=264  \1$aLondon ;$aNew York :$bRoutledge,$c©2016.
=300  \\$a1 online resource (xii, 460 pages) :$billustrations, text file, PDF
=336  \\$atext$2rdacontent
=337  \\$acomputer$2rdamedia
=338  \\$aonline resource$2rdacarrier
=504  \\$aIncludes bibliographical references and index.
=505  0\$apt. 1. Philosophy and theory -- pt. 2. Basic emotions and their disorders.
=530  \\$aAlso available in print format.
=650  \0$aCognitive psychology.
=650  \0$aEmotions and cognition.
=650  \0$aPsychotherapy.
=655  \7$aElectronic books.$2lcsh
=700  1\$aDalgleish, Tim.
=776  08$iPrint version: $z9781848722675$q(Hardback)$w(DLC) 2015002740
=793  0\$aTaylor & Francis online monographs (UCSD)
=856 40$zTaylor & Francis. Restricted to UCSD IP addresses.$uhttps://www.taylorfrancis.com/books/9781317483793

