=LDR  02253cam a2200541Ii 4500
=001  TF9781315697192
=003  FlBoTFG
=005  20180331111825.0
=006  m\\\\\o\\d\\\\\\\\
=007  cr\\\\\\\\\\\\
=008  180331s2017\\\\nyua\\\\ob\\\\001\0\eng\d
=020  \\$a9781317449126 (e-book: PDF)$q(e-book : PDF)
=020  \\$z9781317449126$q(e-book: PDF)
=020  \\$z9781317449102$q(e-book: Mobi)
=020  \\$z9781138902978$q(hardback)
=020  \\$a9781315697192 (e-book)
=020  \\$a9781317449102 (e-book: Mobi)
=020  \\$a9781138902978 (hardback)
=024  7\$a10.4324/9781315697192 $2doi
=035  \\$a(OCoLC)961693389
=040  \\$aFlBoTFG$cFlBoTFG$erda$beng
=050  \4$aPN1995.9.E78$bE26 2017
=082  04$a809.9336$bE193
=245  00$aEcocriticism and indigenous studies :$bconversations from earth to cosmos /$cedited by Joni Adamson and Salma Monani.
=264  \1$aNew York ;$aLondon :$bRoutledge,$c©2017.
=300  \\$a1 online resource (xvi, 252 pages) :$billustrations, text file, PDF
=336  \\$atext$2rdacontent
=337  \\$acomputer$2rdamedia
=338  \\$aonline resource$2rdacarrier
=490  1\$aRoutledge interdisciplinary perspectives on literature ;$v69
=504  \\$aIncludes bibliographical references and index.
=505  0\$apt. I. Resilience -- pt. II. Resistance -- pt. III. Multi-Species Relations.
=530  \\$aAlso available in print format.
=650  \0$aDocumentary films$xHistory and criticism.
=650  \0$aEcocriticism.
=650  \0$aEcology in motion pictures.
=650  \0$aEnvironmental protection and motion pictures.
=650  \0$aIndians in motion pictures.
=650  \0$aIndigenous peoples and mass media.
=650  \0$aIndigenous peoples$xEcology.
=650  \0$aIndigenous peoples$xIntellectual life.
=650  \0$aPerforming arts$xEnvironmental aspects.
=655  \7$aElectronic books.$2lcsh
=700  1\$aAdamson, Joni,$d1958-
=700  1\$aMonani, Salma.
=776  08$iPrint version: $z9781138902978$q(Hardback)$w(DLC) 2016013296
=793  0\$aTaylor & Francis online monographs (UCSD)
=830  \0$aRoutledge interdisciplinary perspectives on literature ;$v69.
=856 40$zTaylor & Francis. Restricted to UCSD IP addresses.$uhttps://www.taylorfrancis.com/books/9781317449126

