=LDR  02555cam a2200529Ii 4500
=001  TF9781315717043
=003  FlBoTFG
=005  20180331111825.0
=006  m\\\\\o\\d\\\\\\\\
=007  cr\\\\\\\\\\\\
=008  180331s2016\\\\nyuabcd\ob\\\\001\0\eng\d
=020  \\$a9781317508816 (e-book: PDF)$q(e-book : PDF)
=020  \\$z9781317508816$q(e-book: PDF)
=020  \\$z9781317508809$q(e-book: ePub)
=020  \\$z9781317508793$q(e-book: Mobi)
=020  \\$z9781138859692$q(hardback)
=020  \\$a9781315717043 (e-book)
=020  \\$a9781317508793 (e-book: Mobi)
=020  \\$a9781317508809 (e-book: ePub)
=020  \\$a9781138859692 (hardback)
=024  7\$a10.4324/9781315717043 $2doi
=035  \\$a(OCoLC)958109488
=040  \\$aFlBoTFG$cFlBoTFG$erda$beng
=043  \\$aa-cc---$an-us---
=050  \4$aPL2449$b.C49 2016
=082  04$a895.1099282$bC518
=100  1\$aChen, Minjie$c(Writer on literature),$eauthor.
=245  14$aThe Sino-Japanese War and youth literature :$bfriends and foes on the battlefield /$cMinjie Chen.
=264  \1$aNew York, N.Y. :$bRoutledge,$c©2016.
=300  \\$a1 online resource (xiii, 226 pages) :$billustrations, text file, PDF
=336  \\$atext$2rdacontent
=337  \\$acomputer$2rdamedia
=338  \\$aonline resource$2rdacarrier
=490  1\$aRoutledge studies in education and society in Asia ;$v6
=504  \\$aIncludes bibliographical references and index.
=505  0\$a1. Chinese youth literature : an overview -- 2. The Sino-Japanese War as depicted in Chinese youth literature : the big picture -- 3. The Sino-Japanese War as depicted in Chinese youth literature : a thematic analysis -- 4. Family narrative as information source : a case study -- 5. Ethnic Chinese wartime experience in American youth literature.
=530  \\$aAlso available in print format.
=650  \0$aChildren's literature, American$xHistory and criticism.
=650  \0$aChildren's literature, Chinese$xHistory and criticism.
=650  \0$aSino-Japanese War, 1937-1945$xLiterature and the war.
=650  \0$aWar in literature.
=650  \0$aYoung adult literature, American$xHistory and criticism.
=650  \0$aYoung adult literature, Chinese$xHistory and criticism.
=655  \7$aElectronic books.$2lcsh
=776  08$iPrint version: $z9781138859692$q(Hardback)$w(DLC) 2015027124
=793  0\$aTaylor & Francis online monographs (UCSD)
=830  \0$aRoutledge studies in education and society in Asia ;$v6.
=856 40$zTaylor & Francis. Restricted to UCSD IP addresses.$uhttps://www.taylorfrancis.com/books/9781317508816

