=LDR  02261cam a2200517Ii 4500
=001  TF9781315689449
=003  FlBoTFG
=005  20180331111825.0
=006  m\\\\\o\\d\\\\\\\\
=007  cr\\\\\\\\\\\\
=008  180331s2016\\\\nyu\\\\\o\\\\\001\0\eng\d
=020  \\$a9781317424161 (e-book: PDF)$q(e-book : PDF)
=020  \\$z9781317424161$q(e-book: PDF)
=020  \\$z9781317424154$q(e-book: ePub)
=020  \\$z9781317424147$q(e-book: Mobi)
=020  \\$z9781138916685$q(hardback)
=020  \\$z9781138916692$q(paperback)
=020  \\$a9781315689449 (e-book)
=020  \\$a9781317424147 (e-book: Mobi)
=020  \\$a9781317424154 (e-book: ePub)
=020  \\$a9781138916685 (hardback)
=020  \\$a9781138916692 (paperback)
=035  \\$a(OCoLC)927103757
=040  \\$aFlBoTFG$cFlBoTFG$erda$beng
=050  \4$aPE1408$b.T87 2016
=082  04$a808.042$bT941
=100  1\$aTurley, Richard Marggraf,$d1970-,$eauthor.
=245  10$aWriting essays :$ba guide for students in English and the humanities /$cRichard Marggraf Turley.
=250  \\$aSecond edition.
=264  \1$aLondon ;$aNew York :$bRoutledge,$c©2016.
=300  \\$a1 online resource (xv, 141 pages) :$btext file, PDF
=336  \\$atext$2rdacontent
=337  \\$acomputer$2rdamedia
=338  \\$aonline resource$2rdacarrier
=500  \\$aIncludes index.
=505  0\$a1. How to write introductions -- 2. The middle section : structure and critics -- 3. More on the middle section : linkage -- 4. How to write conclusions -- 5. Grammar and punctuation -- 6. Improving your style -- 7. Quotations, footnotes, and bibliographies -- 8. Getting the most out of secondary sources -- 9. The undergraduate dissertation -- 10. How to write exam essays.
=530  \\$aAlso available in print format.
=650  \0$aAcademic writing.
=650  \0$aCriticism$xAuthorship.
=650  \0$aEnglish language$xRhetoric.
=650  \0$aEnglish philology$xAuthorship.
=650  \0$aHumanities literature$xAuthorship.
=650  \0$aReport writing.
=655  \7$aElectronic books.$2lcsh
=776  08$iPrint version: $z9781138916685$q(Hardback)
=793  0\$aTaylor & Francis online monographs (UCSD)
=856 40$zTaylor & Francis. Restricted to UCSD IP addresses.$uhttps://www.taylorfrancis.com/books/9781317424161

