=LDR  01964cam a2200505Ii 4500
=001  TF9781315642741
=003  FlBoTFG
=005  20180331111825.0
=006  m\\\\\o\\d\\\\\\\\
=007  cr\\\\\\\\\\\\
=008  180331s2016\\\\nyuad\\\ob\\\\001\0\eng\d
=020  \\$a9781317283935 (e-book: PDF)$q(e-book : PDF)
=020  \\$z9781317283935$q(e-book: PDF)
=020  \\$z9781317283928$q(e-book: ePub)
=020  \\$z9781317283911$q(e-book: Mobi)
=020  \\$z9781138925144$q(hardback)
=020  \\$z9781138925151$q(paperback)
=020  \\$a9781315642741 (e-book)
=020  \\$a9781317283911 (e-book: Mobi)
=020  \\$a9781317283928 (e-book: ePub)
=020  \\$a9781138925144 (hardback)
=020  \\$a9781138925151 (paperback)
=024  7\$a10.4324/9781315642741 $2doi
=035  \\$a(OCoLC)946887504
=040  \\$aFlBoTFG$cFlBoTFG$erda$beng
=050  \4$aQA279$b.H544 2016
=082  04$a519.5$bH638
=245  00$aHigher-order growth curves and mixture modeling with Mplus :$ba practical guide /$cKandauda A.S. Wickrama .. [et al.].
=264  \1$aNew York :$bRoutledge,$c©2016.
=300  \\$a1 online resource (xviii, 326 pages) :$billustrations, text file, PDF
=336  \\$atext$2rdacontent
=337  \\$acomputer$2rdamedia
=338  \\$aonline resource$2rdacarrier
=490  1\$aMultivariate applications series
=504  \\$aIncludes bibliographical references and indexes.
=505  0\$apt. 1. Introduction -- pt. 2. Growth mixture modeling.
=530  \\$aAlso available in print format.
=630  00$aMplus.
=650  \0$aLinear models (Statistics)
=650  \0$aMathematical statistics.
=655  \7$aElectronic books.$2lcsh
=700  1\$aWickrama, K. A. S.
=776  08$iPrint version: $z9781138925144(Hardback)$w 2015037989
=793  0\$aTaylor & Francis online monographs (UCSD)
=830  \0$aMultivariate applications book series.
=856 40$zTaylor & Francis. Restricted to UCSD IP addresses.$uhttps://www.taylorfrancis.com/books/9781317283935

