=LDR  02174cam a2200445Ii 4500
=001  TF9781315739403
=003  FlBoTFG
=005  20180331111825.0
=006  m\\\\\o\\d\\\\\\\\
=007  cr\\\\\\\\\\\\
=008  180331s2017\\\\nyu\\\\\ob\\\\001\0\eng\d
=020  \\$a9781317576686 (e-book: PDF)$q(e-book : PDF)
=020  \\$z9781317576686$q(e-book: PDF)
=020  \\$z9781317576662$q(e-book: Mobi)
=020  \\$z9781138826311$q(hardback)
=020  \\$a9781315739403 (e-book)
=020  \\$a9781317576662 (e-book: Mobi)
=020  \\$a9781138826311 (hardback)
=024  7\$a10.4324/9781315739403 $2doi
=035  \\$a(OCoLC)967741182
=040  \\$aFlBoTFG$cFlBoTFG$erda$beng
=050  \4$aPN1042$b.G46 2017
=082  04$a808.1$bG427
=100  1\$aGhosh, Ranjan.,$eauthor.
=245  10$aTranscultural poetics and the concept of the poet :$bfrom Philip Sideny to T.S. Eliot /$cRanjan Ghosh.
=264  \1$aNew York :$bRoutledge,$c©2017.
=300  \\$a1 online resource (xii, 196 pages) :$btext file, PDF
=336  \\$atext$2rdacontent
=337  \\$acomputer$2rdamedia
=338  \\$aonline resource$2rdacarrier
=490  1\$aRoutledge interdisciplinary perspectives on literature ;$v72
=504  \\$aIncludes bibliographical references and index.
=505  0\$a1. Trans-habit -- 2. mistress-knowledge? Abuse, apology and after -- 3. 'To you I submit my selfe, and worke. Farewell' : the poet and the reader -- 4. 'Launch not beyond your depth but be discreet' : the tulip poet -- 5. 'Fearful symmetry' : quantum creativity -- 6. 'Hero as poet' : Thomas Carlyle and 'future poetry' -- 7. 'O life unlike to ours!' : Matthew Arnold as an Indian Sage? -- 8. The 'platinum' poet and the trans-habitual making of a poem.
=530  \\$aAlso available in print format.
=650  \0$aComparative literature.
=650  \0$aPoetics.
=655  \7$aElectronic books.$2lcsh
=776  08$iPrint version: $z9781138826311$q(Hardback)$w(DLC) 2016036083
=793  0\$aTaylor & Francis online monographs (UCSD)
=830  \0$aRoutledge interdisciplinary perspectives on literature ;$v72.
=856 40$zTaylor & Francis. Restricted to UCSD IP addresses.$uhttps://www.taylorfrancis.com/books/9781317576686

