=LDR  02424cam a2200541Ii 4500
=001  TF9781315651477
=003  FlBoTFG
=005  20180331111825.0
=006  m\\\\\o\\d\\\\\\\\
=007  cr\\\\\\\\\\\\
=008  180331r20161990enkabd\\ob\\\\001\0\eng\d
=020  \\$a9781317310150 (e-book: PDF)$q(e-book : PDF)
=020  \\$z9781317310150$q(e-book: PDF)
=020  \\$z9781317310143$q(e-book: ePub)
=020  \\$z9781317310136$q(e-book: Mobi)
=020  \\$z9781138120839$q(hardback)
=020  \\$z9781138120877$q(paperback)
=020  \\$a9781315651477 (e-book)
=020  \\$a9781317310136 (e-book: Mobi)
=020  \\$a9781317310143 (e-book: ePub)
=020  \\$a9781138120839 (hardback)
=020  \\$a9781138120877 (paperback)
=024  7\$a10.4324/9781315651477 $2doi
=035  \\$a(OCoLC)945095297
=040  \\$aFlBoTFG$cFlBoTFG$erda$beng
=043  \\$an-us---
=050  \4$aGE180$b.P83 2016
=082  04$a363.700973$bP976
=245  00$aPublic policies for environmental protection /$cedited by Paul R. Portney.
=264  \1$aAbingdon, Oxon :$bRoutledge,$c©2016.
=300  \\$a1 online resource (xv, 308 pages) :$billustrations, text file, PDF
=336  \\$atext$2rdacontent
=337  \\$acomputer$2rdamedia
=338  \\$aonline resource$2rdacarrier
=490  1\$aRoutledge revivals
=500  \\$aFirst published in 1990 by Resources for the Future, Inc.
=504  \\$aIncludes bibliographical references and index.
=505  0\$a1. Introduction / Paul R. Portney -- 2. The evolution of federal regulation / Paul R. Portney -- 3. Air pollution policy / Paul R. Portney -- 4. Water pollution policy / A. Myrick Freeman III -- 5. Hazardous wastes / Roger C. Dower -- 6. Toxic substances policy / Michael Shapiro -- 7. Monitoring and enforcement / Clifford S. Russell -- 8. Overall assessment and future directions / Paul R. Portney.
=530  \\$aAlso available in print format.
=650  \0$aEnvironmental law$zUnited States.
=650  \0$aEnvironmental policy$zUnited States.
=650  \0$aPollution$xLaw and legislation$zUnited States.
=650  \0$aPollution$zUnited States.
=655  \7$aElectronic books.$2lcsh
=700  1\$aPortney, Paul R.
=776  08$iPrint version: $z9781138120839$q(Hardback)
=793  0\$aTaylor & Francis online monographs (UCSD)
=830  \0$aRoutledge revivals.
=856 40$zTaylor & Francis. Restricted to UCSD IP addresses.$uhttps://www.taylorfrancis.com/books/9781317310150

