=LDR  02354cam a2200517Ii 4500
=001  TF9781315884653
=003  FlBoTFG
=005  20180331111825.0
=006  m\\\\\o\\d\\\\\\\\
=007  cr\\\\\\\\\\\\
=008  180331s2017\\\\enka\\\\ob\\\\001\0\eng\d
=020  \\$a9781134651023 (e-book: PDF)$q(e-book : PDF)
=020  \\$z9781134651023$q(e-book: PDF)
=020  \\$z9781134651160$q(e-book: Mobi)
=020  \\$z9780415711272$q(hardback)
=020  \\$z9781138588080$q(paperback)
=020  \\$a9781315884653 (e-book)
=020  \\$a9781134651160 (e-book: Mobi)
=020  \\$a9780415711272 (hardback)
=020  \\$a9781138588080 (paperback)
=024  7\$a10.4324/9781315884653 $2doi
=035  \\$a(OCoLC)959978199
=040  \\$aFlBoTFG$beng$erda$cFlBoTFG
=043  \\$aa-cc---
=050  \4$aHC427$b.H473 2017
=082  04$a306.30951$bH568
=100  1\$aHerrmann-Pillath, Carsten,$eauthor.
=245  10$aChina's economic culture :$bthe ritual order of state and markets /$cCarsten Herrmann-Pillath.
=264  \1$aAbingdon, Oxon ;$aNew York, NY :$bRoutledge,$c©2017.
=300  \\$a1 online resource :$btext file, PDF
=336  \\$atext$2rdacontent
=337  \\$acomputer$2rdamedia
=338  \\$aonline resource$2rdacarrier
=490  1\$aRoutledge studies in the growth economies of Asia ;$v133
=504  \\$aIncludes bibliographical references and index.
=505  0\$a1. Culture, ritual and economic style -- 2. The Chinese ritual economy as historical type -- 3. Institutions, ideas and ritual in the modern Chinese political economy -- 4. Local state, ritual and territorial competition -- 5. The ritual foundations of markets -- 6. Chinese enterprise, organization and ritual -- 7. Conclusion : deciphering the Chinese economic style.
=530  \\$aAlso available in print format.
=650  \0$aEconomic development$zChina.
=650  \0$aEconomics$xSociological aspects.
=650  \0$aEconomics$zChina.
=651  \0$aChina$xCivilization.
=651  \0$aChina$xEconomic conditions.
=655  \7$aElectronic books.$2lcsh
=776  08$iPrint version: $z9780415711272$q(Hardback)$w(DLC) 2016017515
=793  0\$aTaylor & Francis online monographs (UCSD)
=830  \0$aRoutledge studies in the growth economies of Asia (2005) ;$v133.
=856 40$zTaylor & Francis. Restricted to UCSD IP addresses.$uhttps://www.taylorfrancis.com/books/9781134651023

