=LDR  02250cam a2200469Ii 4500
=001  TF9781315724768
=003  FlBoTFG
=005  20180331111825.0
=006  m\\\\\o\\d\\\\\\\\
=007  cr\\\\\\\\\\\\
=008  180331s2016\\\\nyua\\\\ob\\\\001\0\eng\d
=020  \\$a9781317531937 (e-book: PDF)$q(e-book : PDF)
=020  \\$z9781317531937$q(e-book: PDF)
=020  \\$z9781317531920$q(e-book: ePub)
=020  \\$z9781317531913$q(e-book: Mobi)
=020  \\$z9781138850293$q(hardback)
=020  \\$z9781138850309$q(paperback)
=020  \\$a9781315724768 (e-book)
=020  \\$a9781317531913 (e-book: Mobi)
=020  \\$a9781317531920 (e-book: ePub)
=020  \\$a9781138850293 (hardback)
=020  \\$a9781138850309 (paperback)
=024  7\$a10.4324/9781315724768 $2doi
=035  \\$a(OCoLC)958109561
=040  \\$aFlBoTFG$cFlBoTFG$erda$beng
=050  \4$aRJ505.C63$bM33 2016
=082  04$a618.92891425$bM267
=100  1\$aManassis, Katharina.,$eauthor.
=245  10$aCognitive behavioral therapy with children :$ba guide for the community practitioner /$cKatharina Manassis.
=250  \\$aSecond edition.
=264  \1$aNew York, N.Y. :$bRoutledge,$c©2016.
=300  \\$a1 online resource (xx, 270 pages) :$billustrations, text file, PDF
=336  \\$atext$2rdacontent
=337  \\$acomputer$2rdamedia
=338  \\$aonline resource$2rdacarrier
=504  \\$aIncludes bibliographical references and index.
=505  0\$a1. Narrowing the gap between efficacy and effectiveness -- 2. Assessing children for CBT -- 3. Priorities and timing of therapy -- 4. Treatment expectations -- 5. Using manuals appropriately -- 6. How child CBT differs from adult CBT -- 7. Working with diverse children -- 8. Working with diverse families -- 9. Group-based and school-based child CBT -- 10. Overcoming therapeutic obstacles -- 11. Concluding therapy -- 12. Training others in child CBT.
=530  \\$aAlso available in print format.
=650  \0$aCognitive therapy for children.
=655  \7$aElectronic books.$2lcsh
=776  08$iPrint version: $z9781138850293$q(Hardback)$w(DLC) 2015027025
=793  0\$aTaylor & Francis online monographs (UCSD)
=856 40$zTaylor & Francis. Restricted to UCSD IP addresses.$uhttps://www.taylorfrancis.com/books/9781317531937

