=LDR  02445cam a2200517Ii 4500
=001  TF9781315747163
=003  FlBoTFG
=005  20180331111825.0
=006  m\\\\\o\\d\\\\\\\\
=007  cr\\\\\\\\\\\\
=008  180331s2016\\\\enka\\\\ob\\\\001\0\eng\d
=020  \\$a9781317600510 (e-book: PDF)$q(e-book : PDF)
=020  \\$z9781317600510$q(e-book: PDF)
=020  \\$z9781317600503$q(e-book: ePub)
=020  \\$z9781317600497$q(e-book: Mobi)
=020  \\$z9781138814868$q(hardback)
=020  \\$z9780815359098$q(paperback)
=020  \\$a9781315747163 (e-book)
=020  \\$a9781317600497 (e-book: Mobi)
=020  \\$a9781317600503 (e-book: ePub)
=020  \\$a9781138814868 (hardback)
=020  \\$a9780815359098 (paperback)
=024  7\$a10.4324/9781315747163 $2doi
=035  \\$a(OCoLC)958097059
=040  \\$aFlBoTFG$cFlBoTFG$erda$beng
=050  \4$aTJ211.49$b.J66 2016
=082  04$a303.483$bJ786
=100  1\$aJones, Raya A.,$eauthor.
=245  10$aPersonhood and social robotics :$ba psychological consideration /$cRaya Jones.
=264  \1$aLondon ;$aNew York :$bRoutledge,$c©2016.
=300  \\$a1 online resource (vi, 213 pages) :$billustrations, text file, PDF
=336  \\$atext$2rdacontent
=337  \\$acomputer$2rdamedia
=338  \\$aonline resource$2rdacarrier
=490  1\$aExplorations in social psychology
=504  \\$aIncludes bibliographical references and index.
=505  0\$a1. Problematizing personhood differently -- 2. Means to meaning -- 3. The semiotic robot hypothesis -- 4. The relationship machine -- 5. Voices in the field : the pragmatic engineer, technocentric visionary and inquisitive scientist -- 6. Rhetoric and right action ahead of robot nannies -- 7. Subversions of subjectivity -- 8. Chronotope shifts in the uncanny valley -- 9. Narrativity of the act and the new ontology -- 10. Futures in the present tense.
=530  \\$aAlso available in print format.
=650  \0$aArtificial intelligence$xSocial aspects.
=650  \0$aHuman-computer interaction$xPsychological aspects.
=650  \0$aRobotics$xHuman factors.
=650  \0$aTechnology$xSocial aspects.
=655  \7$aElectronic books.$2lcsh
=776  08$iPrint version: $z9781138814868$q(Hardback)$w(DLC) 2015022698
=793  0\$aTaylor & Francis online monographs (UCSD)
=830  \0$aExplorations in social psychology.
=856 40$zTaylor & Francis. Restricted to UCSD IP addresses.$uhttps://www.taylorfrancis.com/books/9781317600510

