=LDR  02632cam a2200601Ii 4500
=001  TF9781315542188
=003  FlBoTFG
=005  20180331102445.0
=006  m\\\\\o\\d\\\\\\\\
=007  cr\\\\\\\\\\\\
=008  180331s2017\\\\enka\\\\ob\\\\001\0\eng\d
=020  \\$a9781134883912 (e-book: PDF)$q(e-book : PDF)
=020  \\$z9781134883912$q(e-book: PDF)
=020  \\$z9781134883981$q(e-book: ePub)
=020  \\$z9781134884056$q(e-book: Mobi)
=020  \\$z9781138667419$q(hardback)
=020  \\$z9781138667426$q(paperback)
=020  \\$a9781315542188 (e-book)
=020  \\$a9781134884056 (e-book: Mobi)
=020  \\$a9781134883981 (e-book: ePub)
=020  \\$a9781138667419 (hardback)
=020  \\$a9781138667426 (paperback)
=024  7\$a10.4324/9781315542188 $2doi
=035  \\$a(OCoLC)953030145
=040  \\$aFlBoTFG$cFlBoTFG$erda$beng
=043  \\$ae------
=050  \4$aHQ1075.5.E85$bG445 2017
=082  04$a305.309409024$bG325
=245  00$aGender and political culture in early modern Europe, 1400-1800 /$cedited by James Daybell and Svante Norrhem.
=264  \1$aLondon ;$aNew York :$bRoutledge,$c©2017.
=300  \\$a1 online resource (ix, 121  pages) :$billustrations, text file, PDF
=336  \\$atext$2rdacontent
=337  \\$acomputer$2rdamedia
=338  \\$aonline resource$2rdacarrier
=504  \\$aIncludes bibliographical references and index.
=505  0\$apt. 1. Diplomacy, gifts and the politics of exchange -- pt. 2. Socio-economic structures, gender and politics -- pt. 3. Women and gendered politics at court -- pt. 4. Voting and political representation.
=530  \\$aAlso available in print format.
=538  \\$aMode of access: World Wide Web.
=650  \0$aAuthority$xSocial aspects$zEurope$xHistory.
=650  \0$aMen$xPolitical activity$zEurope$xHistory.
=650  \0$aPolitical culture$zEurope$xHistory.
=650  \0$aPower (Social sciences)$zEurope$xHistory.
=650  \0$aSex role$xPolitical aspects$zEurope$xHistory$y16th century.
=650  \0$aSex role$xPolitical aspects$zEurope$xHistory$y17th century.
=650  \0$aSex role$xPolitical aspects$zEurope$xHistory$yTo 1500.
=650  \0$aWomen$xPolitical activity$zEurope$xHistory.
=651  \0$aEurope$xPolitics and government.
=651  \0$aEurope$xSocial conditions.
=655  \7$aElectronic books.$2lcsh
=700  1\$aDaybell, James,$d1972-
=700  1\$aNorrhem, Svante,$d1962-
=776  08$iPrint version: $z9781138667419(Hardback)$w 2016003990
=793  0\$aTaylor & Francis online monographs (UCSD)
=856 40$zTaylor & Francis. Restricted to UCSD IP addresses.$uhttps://www.taylorfrancis.com/books/9781134883912

