=LDR  03443cam a2200481Ii 4500
=001  TF9781134094714
=003  FlBoTFG
=005  20180331111825.0
=006  m\\\\\o\\d\\\\\\\\
=007  cr\\\\\\\\\\\\
=008  180331s2015\\\\enkabd\\obf\\\001\0\eng\d
=020  \\$a9781134094714$q(e-book: PDF)
=020  \\$z9780203383117$q(e-book : PDF)
=020  \\$z9780415829083$q(hardback)
=020  \\$z9781134094783$q(e-book: ePub)
=020  \\$z9781134094851$q(e-book: Mobi)
=020  \\$a9780203383117 (e-book)
=020  \\$a9781134094851 (e-book: Mobi)
=020  \\$a9781134094783 (e-book: ePub)
=020  \\$a9780415829083 (hardback)
=024  7\$a10.4324/9780203383117 $2doi
=035  \\$a(OCoLC)958104164
=040  \\$aFlBoTFG$cFlBoTFG$erda$beng
=050  \4$aHQ1240$b.R68 2015
=082  04$a305.42$bR869
=245  04$aThe Routledge handbook of gender and development /$cedited by Anne Coles, Leslie Gray, and Janet Momsen.
=246  30$aHandbook of gender and development
=264  \1$aAbingdon, Oxon ;$aNew York, N.Y. :$bRoutledge,$c©2015.
=300  \\$a1 online resource (xxiii, 594 pages) :$billustrations, text file, PDF
=336  \\$atext$2rdacontent
=337  \\$acomputer$2rdamedia
=338  \\$aonline resource$2rdacarrier
=504  \\$aIncludes bibliographical references and index.
=505  0\$apt. 1. The making of the field : concepts and case studies -- pt. 2. Environmental resources : production and protection -- pt. 3. Perspectives on population and poverty -- pt. 4. Health, survival and services -- pt. 5. Mobilities : services and spaces -- pt. 6. Conflict and post-conflict : victims or victors? -- pt. 7. Economics : empowerment and enrichment.
=520  \\$a"The Routledge Handbook of Gender and Development provides a comprehensive statement and reference point for gender and development policy making and practice in an international and multi-disciplinary context. Specifically, it provides critical reviews and appraisals of the current state of gender and development and considers future trends. It includes theoretical and practical approaches as well as empirical studies. The international reach and scope of the Handbook and the contributors' experiences allow engagement with and reflection upon these bridging and linking themes, as well as the an examination of the politics and policy of how we think about and practice gender and development. Organized into eight inter-related sections, the Handbook contains over 50 contributions from leading scholars, looking at conceptual and theoretical approaches, environmental resources, poverty and families, women and health related services, migration and mobility, the effect of civil and international conflict, and international economies and development. This Handbook provides a wealth of interdisciplinary information and will appeal to students and practitioners in Geography, Development Studies, Gender Studies and related disciplines"--$cProvided by publisher.
=530  \\$aAlso available in print format.
=650  \0$aWomen in development$vHandbooks, manuals, etc.
=655  \7$aElectronic books.$2lcsh
=700  1\$aColes, Anne.
=700  1\$aGray, Leslie.
=700  1\$aMomsen, Janet Henshall.
=776  08$iPrint version: $z9780415829083(Hardback)$w(DLC) 2014030172
=793  0\$aTaylor & Francis online monographs (UCSD)
=856 40$zTaylor & Francis. Restricted to UCSD IP addresses.$uhttps://www.taylorfrancis.com/books/9781134094714

