=LDR  03022cam a2200613Ii 4500
=001  TF9781315420851
=003  FlBoTFG
=005  20180330125217.0
=006  m\\\\\o\\d\\\\\\\\
=007  cr\\\\\\\\\\\\
=008  180331r20162007enkab\\\ob\\\\001\0\eng\d
=020  \\$a9781315420844 (e-book: PDF)$q(e-book : PDF)
=020  \\$z9781315420844$q(e-book: PDF)
=020  \\$z9781315420837$q(e-book: ePub)
=020  \\$z9781315420820$q(e-book: Mobi)
=020  \\$z9781598741902$q(hardback)
=020  \\$z9781598741919$q(paperback)
=020  \\$a9781315420851 (e-book)
=020  \\$a9781315420820 (e-book: Mobi)
=020  \\$a9781315420837 (e-book: ePub)
=020  \\$a9781598741902 (hardback)
=020  \\$a9781598741919 (paperback)
=024  7\$a10.4324/9781315420851 $2doi
=035  \\$a(OCoLC)956466226
=040  \\$aFlBoTFG$cFlBoTFG$erda$beng
=043  \\$af-ua---
=050  \4$aZ722.5$b.B88 2016
=082  04$a069.0932$bB985
=100  1\$aButler, Beverley.,$eauthor.
=245  10$aReturn to Alexandria :$ban ethnography of cultural heritage, revivalism, and museum memory /$cBeverley Butler.
=264  \1$aLondon :$bRoutledge,$c©2016.
=300  \\$a1 online resource (299 pages) :$billustrations, text file, PDF
=336  \\$atext$btxt$2rdacontent
=337  \\$acomputer$bc$2rdamedia
=338  \\$aonline resource$bcr$2rdacarrier
=490  1\$aPublications of the Institute of Archaeology, University College London. Critical perspectives on cultural heritage
=500  \\$aFirst published 2007 by Left Coast Press, Inc.
=504  \\$aIncludes bibliographical references (p. 279-291) and index.
=505  0\$ach. 1. The 'Alexandria Project' in the western imagination -- ch. 2. 'On the ruins' : postcolonial heritage metamorphosis -- ch. 3. Contemporary return to Alexandria : international sacred dramas -- ch. 4. 'Revivalism between worlds' : UNESCO and GOAL -- ch. 5. 'Meltdown' : revivalism's 'time of anxiety' -- ch. 6. 'Spirit of aspiration' : archaeological revivalism and recuperation -- ch. 7. Urban shock therapy : Alexandria's 'Las Vegasisation.'
=530  \\$aAlso available in print format.
=610  20$aAliksandrina (Library)$xHistory.
=650  \0$aCultural property$xProtection$vCase studies.
=650  \0$aEast and West$vCase studies.
=650  \0$aLibrary architecture$zEgypt$zAlexandria.
=650  \0$aMuseum techniques$vCase studies.
=650  \0$aNorth and south$vCase studies.
=650  \0$aPostcolonialism$vCase studies.
=650  \0$aRevival movements (Art)$zEgypt$zAlexandria.
=651  \0$aAlexandria (Egypt)$xAntiquities.
=651  \0$aEgypt$xCultural policy.
=655  \7$aElectronic books.$2lcsh
=776  08$iPrint version: $z9781598741902(Hardback)$w 2007027643
=793  0\$aTaylor & Francis online monographs (UCSD)
=830  \0$aPublications of the Institute of Archaeology, University College London.$pCritical perspectives on cultural heritage.
=856 40$zTaylor & Francis. Restricted to UCSD IP addresses.$uhttps://www.taylorfrancis.com/books/9781315420844

