=LDR  03039cam a2200457Ii 4500
=001  TF9781317599319
=003  FlBoTFG
=005  20180331111825.0
=006  m\\\\\o\\d\\\\\\\\
=007  cr\\\\\\\\\\\\
=008  180331s2018\\\\nyu\\\\\ob\\\\001\0\eng\d
=020  \\$a9781317599319$q(e-book: PDF)
=020  \\$z9781315746760$q(e-book)
=020  \\$z9781317599296$q(e-book: Mobi)
=020  \\$z9781138815346$q(hardback)
=020  \\$a9781315746760 (e-book)
=020  \\$a9781317599296 (e-book: Mobi)
=020  \\$a9781138815346 (hardback)
=024  7\$a10.4324/9781315746760 $2doi
=035  \\$a(OCoLC)993973376
=040  \\$aDLC$beng$dFlBoTFG$erda$cDLC
=043  \\$ae-sp---
=050  \4$aDP402.M25$bF95 2018
=082  04$a946.72$bF997
=100  1\$aFynn-Paul, Jeff,$eauthor.
=245  10$aFamily, work and household in late Medieval Iberia :$ba social history of Manresa at the time of the Black Death /$cby Jeff Fynn-Paul.
=264  \1$aNew York :$bRoutledge,$c©[2018]
=300  \\$a1 online resource (xxiv, 274 pages) :$btext file, PDF
=336  \\$atext$2rdacontent
=337  \\$acomputer$2rdamedia
=338  \\$aonline resource$2rdacarrier
=490  0\$aRoutledge research in medieval studies ;$v13
=504  \\$aIncludes bibliographical references and index.
=520  \\$a"Family, Work, and Household presents the social and occupational life of a late medieval Iberian town in rich, unprecedented detail. The book combines a diachronic study of two regionally prominent families'"one knightly and one mercantile'"with a detailed cross-sectional urban study of household and occupation. The town in question is the market town and administrative centre of Manresa in Catalonia, whose exceptional archives make such a study possible. For the diachronic studies, Fynn-Paul relied upon the fact that Manresan archives preserve scores of individual family notarial registers, and the cross-sectional study was made possible by the Liber Manifesti of 1408, a cadastral survey which details the property holdings of individual householders to an unusually thorough degree. In these pages, the economic and social strategies of many individuals, including both knights and burghers, come to light over the course of several generations. The Black Death and its aftermath play a prominent role in changing the outlook of many social actors. Other chapters detail the socioeconomic topography of the town, and examine occupational hierarchies, for such groups as rentiers, merchants, leatherworkers, cloth workers, women householders, and the poor."--Provided by publisher.
=530  \\$aAlso available in print format.
=650  \0$aLabor$zSpain$zManresa$xHistory.
=651  \0$aManresa (Spain)$xHistory.
=651  \0$aManresa (Spain)$xSocial conditions.
=655  \7$aElectronic books.$2lcsh
=776  08$iPrint version: $z9781138815346$q(Hardback)$w(DLC) 2017028288
=793  0\$aTaylor & Francis online monographs (UCSD)
=856 40$zTaylor & Francis. Restricted to UCSD IP addresses.$uhttps://www.taylorfrancis.com/books/9781317599319

