=LDR  01883cam a2200481Ii 4500
=001  TF9781135087876
=003  FlBoTFG
=005  20180331111825.0
=006  m\\\\\o\\d\\\\\\\\
=007  cr\\\\\\\\\\\\
=008  180331s2016\\\\enka\\\\ob\\\\000\0\eng\d
=020  \\$a9781135087876$q(e-book: PDF)
=020  \\$z9780203069653$q(e-book : PDF)
=020  \\$z9780415812108$q(paperback)
=020  \\$z9780415812092$q(hardback)
=020  \\$z9781135087869$q(e-book: ePub)
=020  \\$z9781135087821$q(e-book: Mobi)
=020  \\$a9780203069653 (e-book)
=020  \\$a9781135087821 (e-book: Mobi)
=020  \\$a9781135087869 (e-book: ePub)
=020  \\$a9780415812092 (hardback)
=020  \\$a9780415812108 (paperback)
=024  7\$a10.4324/9780203069653 $2doi
=035  \\$a(OCoLC)958102791
=040  \\$aFlBoTFG$cFlBoTFG$erda$beng
=050  \4$aRC394.A85$bA38 2016   
=082  04$a616.8589$bA244
=245  00$aAdult ADHD-focused couple therapy :$bclinical interventions /$cedited by Gina Pera and Arthur L. Robin, PhD.
=264  \1$aLondon :$bRoutledge,$c©2016.
=300  \\$a1 online resource (xxxi, 236 pages) :$billustrations, text file, PDF
=336  \\$atext$2rdacontent
=337  \\$acomputer$2rdamedia
=338  \\$aonline resource$2rdacarrier
=504  \\$aIncludes bibliographical references.
=505  0\$apt. I. Adult ADHD and relationships -- pt. II. Clinical interventions -- pt. III. Special topics.
=530  \\$aAlso available in print format.
=650  \0$aAttention-deficit disorder in adults.
=650  \0$aCouples therapy.
=655  \7$aElectronic books.$2lcsh
=700  1\$aPera, Gina.
=700  1\$aRobin, Arthur L.
=776  08$iPrint version: $z9780415812092(Hardback)$w(DLC) 2014046005
=793  0\$aTaylor & Francis online monographs (UCSD)
=856 40$zTaylor & Francis. Restricted to UCSD IP addresses.$uhttps://www.taylorfrancis.com/books/9781135087876

