=LDR  02534cam a2200529Ii 4500
=001  TF9781315565989
=003  FlBoTFG
=005  20180331102445.0
=006  m\\\\\o\\d\\\\\\\\
=007  cr\\\\\\\\\\\\
=008  180331r20162015enk\\\\\ob\\\\001\0deng\d
=020  \\$a9781317184393 (e-book: PDF)$q(e-book : PDF)
=020  \\$z9781317184393$q(e-book: PDF)
=020  \\$z9781317184386$q(e-book: ePub)
=020  \\$z9781317184379$q(e-book: Mobi)
=020  \\$z9781472455390$q(hardback)
=020  \\$a9781315565989 (e-book)
=020  \\$a9781317184379 (e-book: Mobi)
=020  \\$a9781317184386 (e-book: ePub)
=020  \\$a9781472455390 (hardback)
=024  7\$a10.4324/9781315565989 $2doi
=035  \\$a(OCoLC)948604022
=040  \\$aFlBoTFG$cFlBoTFG$erda$beng
=043  \\$an-us---
=050  \4$aE185.615$b.A367 2016
=082  04$a305.896073$bA258
=245  00$aAfrican American culture and society after Rodney King :$bprovocations and protests, progression and "post-racialism" /$cedited by Josephine Metcalf [and] Carina Spaulding.
=264  \1$aLondon ;$aNew York :$bRoutledge,$c©2016.
=300  \\$a1 online resource :$btext file, PDF
=336  \\$atext$2rdacontent
=337  \\$acomputer$2rdamedia
=338  \\$aonline resource$2rdacarrier
=500  \\$a"First published 2015 by Ashgate Publishing"--t.p. verso.
=504  \\$aIncludes bibliographical references and index.
=505  0\$apt. 1. The African American criminal in culture and media -- pt. 2. Slave voices and bodies in poetry and plays -- pt. 3. Representing African American gender and sexuality in pop-culture and society -- pt. 4. Black cultural production in music and dance -- pt. 5. Obama and the politics of race -- pt. 6. Ongoing realities and the meaning of "blackness".
=530  \\$aAlso available in print edition.
=538  \\$aMode of access: World Wide Web.
=600  10$aKing, Rodney,$d1965-2012.
=650  \0$aAfrican Americans$xCrimes against$zCalifornia$zLos Angeles.
=650  \0$aAfrican Americans$xSocial conditions$x20th century.
=650  \0$aPolice brutality$zCalifornia$zLos Angeles$xHistory$y20th century.
=650  \0$aPopular culture$zUnited States$xHistory$y20th century.
=655  \7$aElectronic books.$2lcsh
=700  1\$aMetcalf, Josephine,$d1975-
=700  1\$aSpaulding, Carina.
=776  08$iPrint version: $z9781472455390(Hardback)$w 2014046614
=793  0\$aTaylor & Francis online monographs (UCSD)
=856 40$zTaylor & Francis. Restricted to UCSD IP addresses.$uhttps://www.taylorfrancis.com/books/9781317184393

