=LDR  03652cam a2200493Ii 4500
=001  TF9781315885629
=003  FlBoTFG
=005  20180331111825.0
=006  m\\\\\o\\d\\\\\\\\
=007  cr\\\\\\\\\\\\
=008  180331s2016\\\\nyua\\\\obq\\\001\0\eng\d
=020  \\$a9781134628131 (e-book: PDF)$q(e-book : PDF)
=020  \\$z9781134628131$q(e-book: PDF)
=020  \\$z9781134628209$q(e-book: ePub)
=020  \\$z9781134628278$q(e-book: Mobi)
=020  \\$z9780415709293$q(hardback)
=020  \\$z9780415709309$q(paperback)
=020  \\$a9781315885629 (e-book)
=020  \\$a9781134628278 (e-book: Mobi)
=020  \\$a9781134628209 (e-book: ePub)
=020  \\$a9780415709293 (hardback)
=020  \\$a9780415709309 (paperback)
=024  7\$a10.4324/9781315885629 $2doi
=035  \\$a(OCoLC)958101907
=040  \\$aFlBoTFG$cFlBoTFG$erda$beng
=050  \4$aPN1995.9.F34$bF33 2016
=082  04$a791.436559$bF172
=245  00$aFairy-tale films beyond Disney :$binternational perspectives /$cedited by Jack Zipes, Pauline Greenhill, and Kendra Magnus-Johnston.
=264  \1$aNew York :$bRoutledge,$c©2016.
=300  \\$a1 online resource (xviii, 355 pages) :$billustrations, text file, PDF
=336  \\$atext$2rdacontent
=337  \\$acomputer$2rdamedia
=338  \\$aonline resource$2rdacarrier
=504  \\$aIncludes bibliographical references (p. [325]-348) and index.
=504  \\$aIncludes filmography.
=505  0\$a1. The great cultural tsunami of fairy-tale films / Jack Zipes -- 2. "My life as a fairy tale" : the fairy tale author in popular cinema / Kendra Magnus-Johnston -- 3. Spectacle of the other : recreating A thousand and one nights in film / Sofia Samatar -- 4. British animation and the fairy-tale tradition : housetraining the id / Paul Wells -- 5. The fairy-tale film in France : postwar reimaginings / Anne Duggan -- 6. The checkered reception of fairy-tale films in the Germany of The brothers Grimm / Jack Zipes -- 7. Fairy-tale films in Italy / Cristina Bacchilega -- 8. The fairy-tale film in Scandinavia / Elisabeth Oxfeldt -- 9. "To catch up and overtake Disney?" Soviet and Post-Soviet fairy-tale films / Marina Balina and Birgit Beumers -- 10. The Czech and Slovak fairy-tale film / Peter Hames -- 11. Polish fairy-tale film : 130 years of innovation and counting / Justyna Deszcz-Tryhubczak and Marek Oziewicz -- 12. Not always happily ever after : Japanese fairy tales in cinema and animation / Susan Napier -- 13. The love story, female images, and gender politics : folktale films in the People's Republic of China (PRC) / Jing Li -- 14. "It's all a fairy tale" : a folklorist's reflection on storytelling in popular Hindi cinema / Sadhana Naithani -- 15. The fairy-tale film in Korea / Sung-Ae Lee -- 16. Stick becoming crocodile : African fairy-tale film / Jessica Tiffin -- 17. Australian fairy tale films / Elizabeth Bullen and Naarah Sawers -- 18. Fairy-tale films in Canada/Canadian fairy-tale films / Pauline Greenhill and Steven Kohm -- 19. The fairy-tale film in Latin America / Laura Hubner -- 20 Beyond Disney in the twenty-first century : changing aspects of fairy-tale films in the American film industry / Jack Zipes.
=530  \\$aAlso available in print format.
=650  \0$aFairy tales in motion pictures.
=655  \7$aElectronic books.$2lcsh
=700  1\$aGreenhill, Pauline.
=700  1\$aMagnus-Johnston, Kendra.
=700  1\$aZipes, Jack,$d1937-
=776  08$iPrint version: $z9780415709293$q(Hardback)$w(DLC) 2015007822
=793  0\$aTaylor & Francis online monographs (UCSD)
=856 40$zTaylor & Francis. Restricted to UCSD IP addresses.$uhttps://www.taylorfrancis.com/books/9781134628131

