=LDR  02393cam a2200493Ii 4500
=001  TF9781315587646
=003  FlBoTFG
=005  20180331102445.0
=006  m\\\\\o\\d\\\\\\\\
=007  cr\\\\\\\\\\\\
=008  180331s2016\\\\enk\\\\\ob\\\\001\0\eng\d
=020  \\$a9781317119418 (e-book: PDF)$q(e-book : PDF)
=020  \\$z9781317119418$q(e-book: PDF)
=020  \\$z9781317119401$q(e-book: ePub)
=020  \\$z9781317119395$q(e-book: Mobi)
=020  \\$z9781472457721$q(hardback)
=020  \\$a9781315587646 (e-book)
=020  \\$a9781317119395 (e-book: Mobi)
=020  \\$a9781317119401 (e-book: ePub)
=020  \\$a9781472457721 (hardback)
=024  7\$a10.4324/9781315587646 $2doi
=035  \\$a(OCoLC)951101061
=040  \\$aFlBoTFG$cFlBoTFG$erda$beng
=043  \\$an-us---
=050  \4$aPN1992.8.A59$bE94 2016
=082  04$a791.4534$bE99
=100  1\$aEzell, Silas Kaine.,$eauthor.
=245  10$aHumor and satire on contemporary television :$banimation and the American joke /$cSilas Kaine Ezell.
=264  \1$aLondon ;$aNew York :$bRoutledge,$c©2016.
=300  \\$a1 online resource :$btext file, PDF
=336  \\$atext$2rdacontent
=337  \\$acomputer$2rdamedia
=338  \\$aonline resource$2rdacarrier
=490  1\$aCultural politics of media and popular culture
=504  \\$aIncludes bibliographical references and index.
=505  0\$a1. Irony and incongruity in American humor -- 2. Frontiers, suburbs, politics, and poop : setting, episodic structure, and the American carnivalesque in the Southwest humorists and animated television programs -- 3. No laughing matter : the relationship between American humor and American collective memory -- 4. African-American multiculturalism in The PJs and The Boondocks -- 5. The unkindest cut : animated television programs and postmodernism.
=530  \\$aAlso available in print format.
=538  \\$aMode of access: World Wide Web.
=650  \0$aAnimated television programs$zUnited States$xHistory and criticism.
=650  \0$aTelevision broadcasting$xSocial aspects$zUnited States.
=655  \7$aElectronic books.$2lcsh
=776  08$iPrint version: $z9781472457721(Hardback)$w 2015038675
=793  0\$aTaylor & Francis online monographs (UCSD)
=830  \0$aCultural politics of media and popular culture.
=856 40$zTaylor & Francis. Restricted to UCSD IP addresses.$uhttps://www.taylorfrancis.com/books/9781317119418

