=LDR  03222cam a2200481Ii 4500
=001  TF9781315629018
=003  FlBoTFG
=005  20180331111825.0
=006  m\\\\\o\\d\\\\\\\\
=007  cr\\\\\\\\\\\\
=008  180331s2017\\\\nyu\\\\\ob\\\\001\0deng\d
=020  \\$a9781317242765 (e-book: PDF)$q(e-book : PDF)
=020  \\$z9781317242765$q(e-book: PDF)
=020  \\$z9781317242758$q(e-book: ePub)
=020  \\$z9781317242741$q(e-book: Mobi)
=020  \\$z9781138644120$q(hardback)
=020  \\$a9781315629018 (e-book)
=020  \\$a9781317242741 (e-book: Mobi)
=020  \\$a9781317242758 (e-book: ePub)
=020  \\$a9781138644120 (hardback)
=024  7\$a10.4324/9781315629018 $2doi
=035  \\$a(OCoLC)953030131
=040  \\$aFlBoTFG$cFlBoTFG$erda$beng
=050  \4$aBT695.5$b.R444 2017
=082  04$a261.88$bR382
=245  00$aReligion and ecological crisis :$bthe "Lynn White thesis" at fifty /$cedited by Todd LeVasseur and Anna Peterson.
=264  \1$aNew York ;$aLondon :$bRoutledge,$c©2017.
=300  \\$a1 online resource (vi, 205 pages) :$btext file, PDF
=336  \\$atext$2rdacontent
=337  \\$acomputer$2rdamedia
=338  \\$aonline resource$2rdacarrier
=490  1\$aRoutledge studies in religion ;$v50
=504  \\$aIncludes bibliographical references and index.
=505  0\$a1. Introduction / Todd Levasseur and Anna Peterson -- 2. Lynn White Jr.'s "The historical roots of our ecologic crisis" after fifty years / Elspeth Whitney -- 3. The historical roots of environmental philosophy / J. Baird Callicott -- 4. Sinners in the hands of an ecologic crisis : Lynn White's environmental jeremiad / Mark R. Stoll -- 5. Lynn White Jr. right and wrong : the anti-ecological character of Latin Christianity and the pro-ecological turn of protestantism / Michael S. Northcott -- 6. Animism and reincarnation : Lynn White in Indian country / Shepard Krech III -- 7. Lynn White Jr., one catalyst in the historical development of spiritual ecology / Leslie Sponsel -- 8. Continuing the conversation : applying Lynn White Jr.'s prescriptions for a Christian environmental ethic / Christopher Cone -- 9. Lynn White Jr. and India : romance? Reality? / Christopher Key Chapple -- 10. The challenges of worldview transformation : "to rethink and refeel our orifins and destiny" / Heather Eaton -- 11. Gender and genesis : religion, secular science, and the project of power and control / Chaone Mallory -- 12. A lens, a path, a return journey : Lynn White and the question of animal protection / Paul Waldau -- 13. What's left (out) of the Lynn White narrative? / Whitney A. Bauman -- 14. Therefore the winds : some thoughts on the "roots" / William R. Jordan III.
=530  \\$aAlso available in print format.
=600  10$aWhite, Lynn,$cJr.,$d1907-1987.
=650  \0$aHuman ecology$xReligious aspects$xChristianity.
=655  \7$aElectronic books.$2lcsh
=700  1\$aLeVasseur, Todd.
=700  1\$aPeterson, Anna.
=776  08$iPrint version: $z9781138644120(Hardback)$w 2016011290
=793  0\$aTaylor & Francis online monographs (UCSD)
=830  \0$aRoutledge studies in religion ;$v50.
=856 40$zTaylor & Francis. Restricted to UCSD IP addresses.$uhttps://www.taylorfrancis.com/books/9781317242765

