=LDR  02253cam a2200493Ii 4500
=001  TF9781315642420
=003  FlBoTFG
=005  20180331111825.0
=006  m\\\\\o\\d\\\\\\\\
=007  cr\\\\\\\\\\\\
=008  180331s2017\\\\enkad\\\ob\\\\001\0\eng\d
=020  \\$a9781317282976 (e-book: PDF)$q(e-book : PDF)
=020  \\$z9781317282976$q(e-book: PDF)
=020  \\$z9781317282952$q(e-book: Mobi)
=020  \\$z9781138188341$q(hardback)
=020  \\$z9781138495159$q(paperback)
=020  \\$a9781315642420 (e-book)
=020  \\$a9781317282952 (e-book: Mobi)
=020  \\$a9781138188341 (hardback)
=020  \\$a9781138495159 (paperback)
=024  7\$a10.4324/9781315642420 $2doi
=035  \\$a(OCoLC)957465190
=040  \\$aFlBoTFG$cFlBoTFG$erda$beng
=050  \4$aQC903$b.B7435 2017
=082  04$a363.3211$bB845
=100  1\$aBretthauer, Judith M.,$eauthor.
=245  10$aClimate change and resource conflict :$bthe role of scarcity /$cJudith M. Bretthauer.
=264  \1$aLondon ;$aNew York, N.Y. :$bRoutledge,$c©2017.
=300  \\$a1 online resource (xii, 217 pages) :$billustrations, text file, PDF
=336  \\$atext$2rdacontent
=337  \\$acomputer$2rdamedia
=338  \\$aonline resource$2rdacarrier
=490  1\$aRoutledge studies in peace and conflict resolution
=504  \\$aIncludes bibliographical references and index.
=505  0\$a1. Climate change, resource scarcity, and armed conflict -- 2. Economic explanations : development, dependence and diversification -- 3. Political explanations : dimensions of state capacities -- 4. Social explanations : inequality and adaptive skills -- 5. Bringing economic, political, and social explanations together -- 6. Conclusion.
=530  \\$aAlso available in print format.
=650  \0$aClimatic changes$xPolitical aspects.
=650  \0$aClimatic changes$xSocial aspects.
=650  \0$aNatural resources$xManagement.
=650  \0$aScarcity.
=655  \7$aElectronic books.$2lcsh
=776  08$iPrint version: $z9781138188341(Hardback)$w 2016010421
=793  0\$aTaylor & Francis online monographs (UCSD)
=830  \0$aRoutledge studies in peace and conflict resolution.
=856 40$zTaylor & Francis. Restricted to UCSD IP addresses.$uhttps://www.taylorfrancis.com/books/9781317282976

