=LDR  02660cam a2200589Ii 4500
=001  TF9781315678191
=003  FlBoTFG
=005  20180331111825.0
=006  m\\\\\o\\d\\\\\\\\
=007  cr\\\\\\\\\\\\
=008  180331s2016\\\\nyua\\\\ob\\\\001\0\eng\d
=020  \\$a9781317390459 (e-book: PDF)$q(e-book : PDF)
=020  \\$z9781317390459$q(e-book: PDF)
=020  \\$z9781317390442$q(e-book: ePub)
=020  \\$z9781317390435$q(e-book: Mobi)
=020  \\$z9781138933453$q(hardback)
=020  \\$a9781315678191 (e-book)
=020  \\$a9781317390435 (e-book: Mobi)
=020  \\$a9781317390442 (e-book: ePub)
=020  \\$a9781138933453 (hardback)
=024  7\$a10.4324/9781315678191 $2doi
=035  \\$a(OCoLC)958106696
=040  \\$aFlBoTFG$cFlBoTFG$erda$beng
=043  \\$ae-ru---$aeb-----$aec-----
=050  \4$aHN530.2.A8$bS6957 2016
=082  04$a306.0947$bS729
=245  04$aThe Soviet past in the post-socialist present :$bmethodology and ethics in Russian, Baltic and Central European oral history and memory studies /$cedited by Melanie Ilic and Dalia Leinarte.
=264  \1$aNew York ;$aLondon :$bRoutledge,$c©2016.
=300  \\$a1 online resource (xii, 257 pages) :$billustrations, text file, PDF
=336  \\$atext$2rdacontent
=337  \\$acomputer$2rdamedia
=338  \\$aonline resource$2rdacarrier
=490  1\$aRoutledge approaches to history ;$v14
=504  \\$aIncludes bibliographical references and index.
=505  0\$apt. 1. Russia -- pt. 2. Baltic states -- pt. 3. East-central Europe.
=530  \\$aAlso available in print format.
=650  \0$aCommunism$xSocial aspects$zBaltic States$xHistoriography.
=650  \0$aCommunism$xSocial aspects$zEurope, Central$xHistoriography.
=650  \0$aCommunism$xSocial aspects$zRussia (Federation)$xHistoriography.
=650  \0$aMemory$xStudy and teaching$xMethodology.
=650  \0$aMemory$xStudy and teaching$xMoral and ethical aspects.
=650  \0$aOral history$xMethodology.
=650  \0$aOral history$xMoral and ethical aspects.
=651  \0$aBaltic States$xSocial conditions$y20th century$xHistoriography.
=651  \0$aEurope, Central$xSocial conditions$y20th century$xHistoriography.
=651  \0$aRussia (Federation)$xSocial conditions$y20th century$xHistoriography.
=655  \7$aElectronic books.$2lcsh
=700  1\$aIlic, Melanie,$d1962-
=700  1\$aLeinarte, Dalia.
=776  08$iPrint version: $z9781138933453(Hardback)$w 2015012968
=793  0\$aTaylor & Francis online monographs (UCSD)
=830  \0$aRoutledge approaches to history ;$v14.
=856 40$zTaylor & Francis. Restricted to UCSD IP addresses.$uhttps://www.taylorfrancis.com/books/9781317390459

