=LDR  02156cam a2200493Ii 4500
=001  TF9781315560458
=003  FlBoTFG
=005  20180331102445.0
=006  m\\\\\o\\d\\\\\\\\
=007  cr\\\\\\\\\\\\
=008  130331s2016\\\\enkab\\\ob\\\\001\0\eng\d
=020  \\$a9781317198314 (e-book: PDF)$q(e-book : PDF)
=020  \\$z9781317198314$q(e-book: PDF)
=020  \\$z9781317198307$q(e-book: ePub)
=020  \\$z9781317198291$q(e-book: Mobi)
=020  \\$z9780415254526$q(hardback)
=020  \\$z9780415254533$q(paperback)
=020  \\$a9781315560458 (e-book)
=020  \\$a9781317198291 (e-book: Mobi)
=020  \\$a9781317198307 (e-book: ePub)
=020  \\$a9780415254526 (hardback)
=020  \\$a9780415254533 (paperback)
=024  7\$a10.4324/9781315560458 $2doi
=035  \\$a(OCoLC)951100852
=040  \\$aFlBoTFG$cFlBoTFG$erda$beng
=043  \\$ae------
=050  \4$aBF1584.E9$bG66 2016
=082  04$a133.43094$bG646
=100  1\$aGoodare, Julian.,$eauthor.
=245  14$aThe European witch-hunt /$cJulian Goodare.
=264  \1$aLondon ;$aNew York :$bRoutledge,$c©2016.
=300  \\$a1 online resource (xxii, 430 pages) :$billustrations, text file, PDF
=336  \\$atext$2rdacontent
=337  \\$acomputer$2rdamedia
=338  \\$aonline resource$2rdacarrier
=504  \\$aIncludes bibliographical references and index.
=505  0\$a1. Witchcraft! -- 2. Towards witch-hunting -- 3. Witchcraft and the intellectuals -- 4. Witches in the community -- 5. Witchcraft and folk belief -- 6. Witches and the godly state -- 7. Witches in court -- 8. The dynamics of witch-hunting -- 9. Women, men and witchcraft -- 10. The end of witch-hunting -- 11. Perspectives on the witch-hunt.
=530  \\$aAlso available in print format.
=650  \0$aTrials (Witchcraft)$zEurope$xHistory.
=650  \0$aWitch hunting$zEurope$xHistory.
=650  \0$aWitchcraft$zEurope$xHistory.
=655  \7$aElectronic books.$2lcsh
=776  08$iPrint version: $z9780415254526(Hardback)$w 2015050307
=793  0\$aTaylor & Francis online monographs (UCSD)
=856 40$zTaylor & Francis. Restricted to UCSD IP addresses.$uhttps://www.taylorfrancis.com/books/9781317198314

