=LDR  01839cam a2200469Ii 4500
=001  TF9781315690872
=003  FlBoTFG
=005  20180331111825.0
=006  m\\\\\o\\d\\\\\\\\
=007  cr\\\\\\\\\\\\
=008  180331s2016\\\\nyua\\\\ob\\\\000\0\eng\d
=020  \\$a9781317428428 (e-book: PDF)$q(e-book : PDF)
=020  \\$z9781317428428$q(e-book: PDF)
=020  \\$z9781317428411$q(e-book: ePub)
=020  \\$z9781317428404$q(e-book: Mobi)
=020  \\$z9781138914353$q(hardback)
=020  \\$z9781138914377$q(paperback)
=020  \\$a9781315690872 (e-book)
=020  \\$a9781317428404 (e-book: Mobi)
=020  \\$a9781317428411 (e-book: ePub)
=020  \\$a9781138914353 (hardback)
=020  \\$a9781138914377 (paperback)
=024  7\$a10.4324/9781315690872 $2doi
=035  \\$a(OCoLC)958108657
=040  \\$aFlBoTFG$cFlBoTFG$erda$beng
=050  \4$aGV1783$b.H374 2016
=082  04$a792.8$bH412
=100  1\$aHay, Deborah,$d1941-,$eauthor.
=245  10$aUsing the sky :$ba dance /$cDeborah Hay.
=264  \1$aNew York, N.Y. :$bRoutledge,$c©2016.
=300  \\$a1 online resource (xxvi, 138 pages) :$billustrations, text file, PDF
=336  \\$atext$2rdacontent
=337  \\$acomputer$2rdamedia
=338  \\$aonline resource$2rdacarrier
=504  \\$aIncludes bibliographical references.
=505  0\$aIntroduction -- Using the sky : a dance: A lecture on the performance of beauty ; If I sing to you ; No time to fly ; My choreographed body -- Epilogue.
=530  \\$aAlso available in print format.
=650  \0$aChoreography.
=650  \0$aModern dance.
=655  \7$aElectronic books.$2lcsh
=776  08$iPrint version: $z9781138914353(Hardback)$w 2015012313
=793  0\$aTaylor & Francis online monographs (UCSD)
=856 40$zTaylor & Francis. Restricted to UCSD IP addresses.$uhttps://www.taylorfrancis.com/books/9781317428428

