=LDR  03154cam a2200505Ii 4500
=001  TF9781315560618
=003  FlBoTFG
=005  20180331102445.0
=006  m\\\\\o\\d\\\\\\\\
=007  cr\\\\\\\\\\\\
=008  180331s2016\\\\enkacf\\ob\\\\001\0\eng\d
=020  \\$a9781317198796 (e-book: PDF)$q(e-book : PDF)
=020  \\$z9781317198796$q(e-book: PDF)
=020  \\$z9781317198789$q(e-book: ePub)
=020  \\$z9781317198772$q(e-book: Mobi)
=020  \\$z9781909662339$q(hardback)
=020  \\$a9781315560618 (e-book)
=020  \\$a9781317198772 (e-book: Mobi)
=020  \\$a9781317198789 (e-book: ePub)
=020  \\$a9781909662339 (hardback)
=024  7\$a10.4324/9781315560618 $2doi
=035  \\$a(OCoLC)951101304
=040  \\$aFlBoTFG$cFlBoTFG$erda$beng
=050  \4$aPN1009.A1$bC45 2016
=082  04$a809.89282$bC536
=245  00$aChildren and Yiddish literature :$bfrom early modernity to post-modernity /$cedited by Gennady Estraikh, Kerstin Hoge and Mikhail Krutikov.
=264  \1$aCambridge [England] :$bModern Humanities Research Association,$c©2016.
=300  \\$a1 online resource (xii, 296  pages) :$billustrations, text file, PDF
=336  \\$atext$2rdacontent
=337  \\$acomputer$2rdamedia
=338  \\$aonline resource$2rdacarrier
=490  1\$aStudies in Yiddish ;$v14
=504  \\$aIncludes bibliographical references and index.
=505  0\$a1. The Spanish pagan woman and Ashkenazi children reading Yiddish circa 1700 / Shlomo Berger -- 2. The sabbath tale and Jewish cultural renewal / Miriam Udel -- 3. Heavenly Father : portraying the family in Hasidic Yiddish children's literature / Asya Vaisman Schulman -- 4. The design of books and lives : Yiddish children's book art by artists from the Kiev kultur-lige / Kerston Hoge -- 5. Illustrating Yiddish children's literature : aesthetics and utopia in Lissitzky's graphics for Mani Leib's Yingl Tsingl Khvat / Sabine Koller -- 6. Reading Soviet-Yiddish poetry for children : Der Nister's Mayselekh in ferzn 1917-39 / Daniela Mantovan -- 7. An end to fairy tales : the 1930s in the mayselekh of Der Nister and Leyb Kvitko / Mikhail Krutikov -- 8. The upside-down world of Baym Dnyepr : Penek / Harriet Murav -- 9. Jewish wards of the Soviet state : Fayvl Sito's These are us / Gennady Estraikh -- 10. 'A language is like a garden' : Shloyme Davidman and the Yiddish communist school movement in the United States / Jennifer Young -- 11. Soviet propaganda in illustrated Yiddish children's books : from the collecion of the YIVO library, New York / Lyudmila Sholokhova.
=530  \\$aAlso available in print format.
=538  \\$aMode of access: World Wide Web.
=650  \0$aChildren$xBooks and reading.
=650  \0$aChildren's literature, Yiddish.
=655  \7$aElectronic books.$2lcsh
=700  1\$aEstraikh, G. (Gennadii)
=700  1\$aHoge, Kerstin,$d1966-
=700  1\$aKrutikov, Mikhail,$d1957-
=776  08$iPrint version: $z9781909662339$q(Hardback)
=793  0\$aTaylor & Francis online monographs (UCSD)
=830  \0$aStudies in Yiddish ;$v14.
=856 40$zTaylor & Francis. Restricted to UCSD IP addresses.$uhttps://www.taylorfrancis.com/books/9781317198796

