=LDR  04087cam a2200505Ii 4500
=001  TF9781315686790
=003  FlBoTFG
=005  20180331111825.0
=006  m\\\\\o\\d\\\\\\\\
=007  cr\\\\\\\\\\\\
=008  180331s2016\\\\nyua\\\\ob\\\\001\0\eng\d
=020  \\$a9781317416210 (e-book: PDF)$q(e-book : PDF)
=020  \\$z9781317416210$q(e-book: PDF)
=020  \\$z9781317416203$q(e-book: ePub)
=020  \\$z9781317416197$q(e-book: Mobi)
=020  \\$z9781138920828$q(hardback)
=020  \\$z9781138920835$q(paperback)
=020  \\$a9781315686790 (e-book)
=020  \\$a9781317416197 (e-book: Mobi)
=020  \\$a9781317416203 (e-book: ePub)
=020  \\$a9781138920828 (hardback)
=020  \\$a9781138920835 (paperback)
=024  7\$a10.4324/9781315686790 $2doi
=035  \\$a(OCoLC)958108524
=040  \\$aFlBoTFG$cFlBoTFG$erda$beng
=050  \4$aLB1140.5.L3$bL366 2016
=082  04$a372.21$bL287
=245  00$aLanguage, learning, and culture in early childhood :$bhome, school, and community contexts /$cedited by Ann Anderson .. [et al.].
=264  \1$aNew York :$bRoutledge,$c©2016.
=300  \\$a1 online resource (xiv, 276 pages) :$billustrations, text file, PDF
=336  \\$atext$2rdacontent
=337  \\$acomputer$2rdamedia
=338  \\$aonline resource$2rdacarrier
=504  \\$aIncludes bibliographical references and index.
=505  0\$a1. Language, learning, and culture in early childhood : home, school, and community contexts : an introduction / Ann Anderson ... [et al.] -- 2. Young children's emerging identities as bilingual and biliterate students : the role of context / Eurydice Bouchereau Bauer and Beatriz Guerrero -- 3. Halq'emeylem language revitalization / Margaret MacDonald and Daniele Moore -- 4. Speaking English isn't thinking English : exploring young aboriginal children's mathematical experiences through Aboriginal perspectives / Lisa Lunney Borden and Elizabeth Munroe -- 5. "Now he knows that there are two kinds of writing, two kinds of reading" : insights and issues in working with immigrant and refugee families and communities in a bilingual family literacy program / Jim Anderson ... [et al.] -- 6. Social class, culture, and Asian children's home : and school literacy connection : the case for cultural reciprocity in early literacy education / Guofang Li -- 7. Considering place for connecting mathematics, community, and culture / Cynthia Nicol, Joanne Yovanovich, and Alison Gear -- 8. Culture and mathematical learning : a case study of South Asian parents and children playing a board game / Ann Anderson, Ji Eun Kim, and Sylvia McLellan -- 9. Reconceptualizing "parent-and-child-together time" in family literacy programs : lessons learned from refugee and immigrant families / Marianne McTavish and Kimberly Lenters -- 10. What is involved in modeling the world with mathematics / Terezinha Nunes -- 11. Indigenous pedagogies in early learning settings : linking community knowledge to school-based learning / Jan Hare -- 12. Sailing the ship while we study it : culturally responsive research strategies in early childhood contexts / Amy Noelle Parks -- 13. A critical analysis of culturally and linguistically diverse community participation in Canadian early childhood education : power relations, tensions, and possibilities / Luigi Iannacci -- 14. Looking back, looking ahead : reflections on the intersection of language, culture, and learning in early childhood / Nicola Friedrich ... [et al.].
=530  \\$aAlso available in print format.
=650  \0$aEarly childhood education.
=650  \0$aIndigenous peoples$xEducation (Early childhood)
=650  \0$aLanguage experience approach in education.
=650  \0$aMathematics$xStudy and teaching (Early childhood)
=650  \0$aReading (Early childhood)
=655  \7$aElectronic books.$2lcsh
=700  1\$aAnderson, Ann.
=776  08$iPrint version: $z9781138920828(Hardback)$w 2015023448
=793  0\$aTaylor & Francis online monographs (UCSD)
=856 40$zTaylor & Francis. Restricted to UCSD IP addresses.$uhttps://www.taylorfrancis.com/books/9781317416210

