=LDR  02551cam a2200505Ii 4500
=001  TF9781315556857
=003  FlBoTFG
=005  20180331102445.0
=006  m\\\\\o\\d\\\\\\\\
=007  cr\\\\\\\\\\\\
=008  180331s2017\\\\enkac\\\ob\\\\001\0deng\d
=020  \\$a9781317027881 (e-book: PDF)$q(e-book : PDF)
=020  \\$z9781317027881$q(e-book: PDF)
=020  \\$z9781317027867$q(e-book: Mobi)
=020  \\$z9781472478726$q(hardback)
=020  \\$a9781315556857 (e-book)
=020  \\$a9781317027867 (e-book: Mobi)
=020  \\$a9781472478726 (hardback)
=024  7\$a10.4324/9781315556857 $2doi
=035  \\$a(OCoLC)965196604
=040  \\$aFlBoTFG$cFlBoTFG$erda$beng
=043  \\$ae-uk---
=050  \4$aQ222$b.H8625 2017
=082  04$a506.042$bH946
=100  1\$aHunter, Michael,$d1949-,$eauthor.
=245  14$aThe image of restoration science :$bthe frontispiece to Thomas Sprat's History of the Royal Society (1667) /$cMichael Hunter ; with a chapter on the instruments by Jim Bennett.
=264  \1$aLondon ;$aNew York :$bRoutledge,$c©2017.
=300  \\$a1 online resource :$billustrations, text file, PDF
=336  \\$atext$2rdacontent
=337  \\$acomputer$2rdamedia
=338  \\$aonline resource$2rdacarrier
=504  \\$aIncludes bibliographical references and index.
=505  0\$a1. Introduction -- 2. John Beale, 'Lord Bacon's elogyes' and the fortunes of Sprat's History -- 3. The overall design of the frontispiece : sources and significance -- 4. Details : the portraits, books and institutional accoutrements of the Royal Society -- 5. The instruments / Jim Bennett -- 6. The publication and dissemination of the print -- 7. Conclusion.
=520  \\$aAn interpretation of scientific achievement, based on the image from a book published in 1667.
=530  \\$aAlso available in print format.
=538  \\$aMode of access: World Wide Web.
=600  10$aSprat, Thomas,$d1635-1713.$tHistory of the Royal-society of London, for the improving of natural knowledge.
=650  \0$aFrontispiece.
=650  \0$aScience$zGreat Britain$xHistory$y17th century.
=650  \0$aScientific illustration$zEngland$zLondon$xHistory$y17th century.
=650  \0$aScientific illustration$zGreat Britain$xHistory$y17th century.
=655  \7$aElectronic books.$2lcsh
=700  1\$aBennett, J. A.$q(James A.)
=776  08$iPrint version: $z9781472478726(Hardback)$w 2016029584
=793  0\$aTaylor & Francis online monographs (UCSD)
=856 40$zTaylor & Francis. Restricted to UCSD IP addresses.$uhttps://www.taylorfrancis.com/books/9781317027881

