=LDR  02035cam a2200505Ii 4500
=001  TF9781315612751
=003  FlBoTFG
=005  20180331102445.0
=006  m\\\\\o\\d\\\\\\\\
=007  cr\\\\\\\\\\\\
=008  180331s2017\\\\enk\\\\\ob\\\\001\0\eng\d
=020  \\$a9781317044086 (e-book: PDF)$q(e-book : PDF)
=020  \\$z9781317044086$q(e-book: PDF)
=020  \\$z9781317044079$q(e-book: ePub)
=020  \\$z9781317044062$q(e-book: Mobi)
=020  \\$z9781472449641$q(hardback)
=020  \\$a9781315612751 (e-book)
=020  \\$a9781317044062 (e-book: Mobi)
=020  \\$a9781317044079 (e-book: ePub)
=020  \\$a9781472449641 (hardback)
=024  7\$a10.4324/9781315612751 $2doi
=035  \\$a(OCoLC)957777232
=040  \\$aFlBoTFG$cFlBoTFG$erda$beng
=050  \4$aJA80$b.R68 2017
=082  04$a320.01$bR869
=245  04$aThe Routledge handbook of biopolitics /$cedited by Sergei Prozorov and Simona Rentea.
=246  3\$aHandbook of biopolitics
=264  \1$aLondon ;$aNew York :$bRoutledge,$c©2017.
=300  \\$a1 online resource :$btext file, PDF
=336  \\$atext$2rdacontent
=337  \\$acomputer$2rdamedia
=338  \\$aonline resource$2rdacarrier
=490  1\$aRoutledge handbooks
=504  \\$aIncludes bibliographical references and index.
=505  0\$asection 1. Biopolitics : history of the concept -- section 2. Contemporary theoretical controversies -- section 3. Biopolitics and economy -- section 4. Biopolitics and security -- section 5. Biopolitics and technology.
=530  \\$aAlso available in print format.
=538  \\$aMode of access: World Wide Web.
=650  \0$aBiopolitics$xPhilosophy.
=650  \0$aBiopolitics.
=655  \7$aElectronic books.$2lcsh
=700  1\$aProzorov, Sergei.
=700  1\$aRentea, Simona.
=776  08$iPrint version: $z9781472449641(Hardback)$w 2016005681
=793  0\$aTaylor & Francis online monographs (UCSD)
=830  \0$aRoutledge handbooks.
=856 40$zTaylor & Francis. Restricted to UCSD IP addresses.$uhttps://www.taylorfrancis.com/books/9781317044086

