=LDR  02312cam a2200541Ii 4500
=001  TF9781315638263
=003  FlBoTFG
=005  20180331111825.0
=006  m\\\\\o\\d\\\\\\\\
=007  cr\\\\\\\\\\\\
=008  180331s2016\\\\enka\\\\obf\\\001\0\eng\d
=020  \\$a9781317270515 (e-book: PDF)$q(e-book : PDF)
=020  \\$z9781317270515$q(e-book: PDF)
=020  \\$z9781317270508$q(e-book: ePub)
=020  \\$z9781317270492$q(e-book: Mobi)
=020  \\$z9780415645034$q(hardback)
=020  \\$z9780415645041$q(paperback)
=020  \\$a9781315638263 (e-book)
=020  \\$a9781317270492 (e-book: Mobi)
=020  \\$a9781317270508 (e-book: ePub)
=020  \\$a9780415645034 (hardback)
=020  \\$a9780415645041 (paperback)
=024  7\$a10.4324/9781315638263 $2doi
=035  \\$a(OCoLC)948603845
=040  \\$aFlBoTFG$cFlBoTFG$erda$beng
=041  0\$aeng$akor
=050  \4$aPL927.6$b.B76 2016
=082  04$a495.782421$bB878
=100  1\$aBrown, Lucien.,$eauthor.
=245  10$aSpeed up your Korean :$bstrategies to avoid common errors /$cLucien Brown and Jaehoon Yeon.
=264  \1$aLondon ;$aNew York :$bRoutledge,$c©2016.
=300  \\$a1 online resource (vii, 221 pages) :$billustrations, text file, PDF
=336  \\$atext$2rdacontent
=337  \\$acomputer$2rdamedia
=338  \\$aonline resource$2rdacarrier
=490  1\$aSpeed up your language skills
=504  \\$aIncludes bibliographical references (p. [213]-214) and indexes.
=505  0\$a1. Pronunciation and spelling -- 2. Word order and particles -- 3. Verbs -- 4. Verb endings -- 5. Honorifics, address terms and pronouns -- 6. Untranslatable words -- 7. Collocations and idiomatic expressions.
=530  \\$aAlso available in print format.
=546  \\$aEnglish and Korean.
=650  \0$aKorean language$xErrors in usage$vHandbooks, manuals, etc.
=650  \0$aKorean language$xStudy and teaching$xForeign speakers.
=650  \0$aKorean language$xUsage$vHandbooks, manuals, etc.
=655  \7$aElectronic books.$2lcsh
=700  1\$aYeon, Jaehoon.
=776  08$iPrint version: $z9780415645034(Hardback)$w 2015040483
=793  0\$aTaylor & Francis online monographs (UCSD)
=830  \0$aSpeed up your language skills.
=856 40$zTaylor & Francis. Restricted to UCSD IP addresses.$uhttps://www.taylorfrancis.com/books/9781317270515

