=LDR  02350cam a2200529Ii 4500
=001  TF9781315743615
=003  FlBoTFG
=005  20180331111825.0
=006  m\\\\\o\\d\\\\\\\\
=007  cr\\\\\\\\\\\\
=008  180331s2016\\\\enk\\\\\ob\\\\001\0\eng\d
=020  \\$a9781317589662 (e-book: PDF)$q(e-book : PDF)
=020  \\$z9781317589662$q(e-book: PDF)
=020  \\$z9781317589655$q(e-book: ePub)
=020  \\$z9781317589648$q(e-book: Mobi)
=020  \\$z9781138820906$q(hardback)
=020  \\$z9781138614598$q(paperback)
=020  \\$a9781315743615 (e-book)
=020  \\$a9781317589648 (e-book: Mobi)
=020  \\$a9781317589655 (e-book: ePub)
=020  \\$a9781138820906 (hardback)
=020  \\$a9781138614598 (paperback)
=024  7\$a10.4324/9781315743615 $2doi
=035  \\$a(OCoLC)932622880
=040  \\$aFlBoTFG$cFlBoTFG$erda$beng
=050  \4$aKZ7312$b.C43 2016
=082  04$a345.01$bC513
=100  1\$aChazal, Nerida,$d1983-,$eauthor.
=245  14$aThe International Criminal Court and global social control :$binternational criminal justice in late modernity /$cNerida Chazal.
=264  \1$aLondon ;$aNew York :$bRoutledge,$c©2016.
=300  \\$a1 online resource (xii, 162 pages) :$btext file, PDF
=336  \\$atext$2rdacontent
=337  \\$acomputer$2rdamedia
=338  \\$aonline resource$2rdacarrier
=490  1\$aRoutledge research in international law
=504  \\$aIncludes bibliographical references and index.
=505  0\$a1. Introduction -- 2. The development and aims of the ICC -- 3. Tensions in the pursuit of justice -- 4. Late modernity, social control, and the ICC -- 5. The role of actors -- 6. The trial as a site of contest : the DRC and Thomas Lubanga -- 7. The ICC as a tool -- 8. Conclusion.
=530  \\$aAlso available in print format.
=610  20$aInternational Criminal Court.
=650  \0$aCriminal liability (International law)
=650  \0$aCriminal procedure (International law)
=650  \0$aGlobalization.
=650  \0$aInternational criminal courts.
=655  \7$aElectronic books.$2lcsh
=776  08$iPrint version: $z9781138820906$q(Hardback)$w(DLC) 2015023807
=793  0\$aTaylor & Francis online monographs (UCSD)
=830  \0$aRoutledge research in international law.
=856 40$zTaylor & Francis. Restricted to UCSD IP addresses.$uhttps://www.taylorfrancis.com/books/9781317589662

