=LDR  02001cam a2200481Ii 4500
=001  TF9780203430996
=003  FlBoTFG
=005  20180331102139.0
=006  m\\\\\o\\d\\\\\\\\
=007  cr\\\\\\\\\\\\
=008  180331s1995\\\\enkabd\\ob\\\\001\0\eng\d
=020  \\$a9780203430996 (e-book : PDF)
=020  \\$a9781134810369 (e-book: PDF)
=020  \\$a9781134810314 (e-book: Mobi)
=020  \\$a9781134810352 (e-book: ePub)
=020  \\$a9781138178144 (hardback)
=020  \\$a9780415120302 (paperback)
=024  7\$a10.4324/9780203430996 $2doi
=035  \\$a(OCoLC)57445664
=040  \\$aFlBoTFG$cFlBoTFG$erda
=090  \\$aQC884$b.C576 1995
=092  \\$a551.6$bC639
=245  00$aClimate since A.D. 1500 /$cedited by Raymond S. Bradley and Philip D. Jones.
=246  3\$aClimate since AD 1500
=250  \\$arevision edition.
=264  \1$aLondon ;$aNew York :$bRoutledge,$c1995.
=300  \\$a1 online resource (xvi, 706 pages) :$billustrations, text file, PDF
=336  \\$atext$2rdacontent
=337  \\$acomputer$2rdamedia
=338  \\$aonline resource$2rdacarrier
=504  \\$aIncludes bibliographical references and indexes.
=505  0\$asection A. Documentary evidence -- section B. Dendroclimatic evidence -- section C. Ice core evidence -- section D. Forcing factors -- section E. Summary.
=506  \\$aLicense restrictions may limit access.
=506  \\$aSubscription required for access to full text.
=530  \\$aAlso available in print format.
=533  \\$aElectronic reproduction.$b[Boca Raton, Fla. :$bCRC Press,$d2012].$nPDF file created from digital scan of print book.
=650  \0$aPaleoclimatology.
=650  \0$aClimatic changes.
=655  \7$aElectronic books.$2lcsh
=700  1\$aBradley, Raymond S.,$d1948-
=700  1\$aJones, Philip D.
=776  08$iPrint version: $z9781138178144$q(Hardback)
=793  0\$aTaylor & Francis online monographs (UCSD)
=856 40$zTaylor & Francis. Restricted to UCSD IP addresses.$uhttps://www.taylorfrancis.com/books/9781134810369

