=LDR  02202cam a2200457Ii 4500
=001  TF9781315644431
=003  FlBoTFG
=005  20180331111825.0
=006  m\\\\\o\\d\\\\\\\\
=007  cr\\\\\\\\\\\\
=008  180331s2017\\\\enk\\\\\ob\\\\001\0\eng\d
=020  \\$a9781317289005 (e-book: PDF)$q(e-book : PDF)
=020  \\$z9781317289005$q(e-book: PDF)
=020  \\$z9781317288985$q(e-book: Mobi)
=020  \\$z9781138185531$q(hardback)
=020  \\$a9781315644431 (e-book)
=020  \\$a9781317288985 (e-book: Mobi)
=020  \\$a9781138185531 (hardback)
=024  7\$a10.4324/9781315644431 $2doi
=035  \\$a(OCoLC)967746035
=040  \\$aFlBoTFG$cFlBoTFG$erda$beng
=050  \4$aHQ76.5$b.N43 2017
=082  04$a305.90664$bN354
=100  1\$aNeary, Aoife.,$eauthor.
=245  10$aLGBT-Q teachers, civil partnership and same-sex marriage :$bthe ambivalences of legitimacy /$cAoife Neary.
=264  \1$aLondon :$bRoutledge,$c©2017.
=300  \\$a1 online resource (225 pages) :$btext file, PDF
=336  \\$atext$2rdacontent
=337  \\$acomputer$2rdamedia
=338  \\$aonline resource$2rdacarrier
=490  0\$aRoutledge critical studies in gender and sexuality in education ;$v2
=504  \\$aIncludes bibliographical references and index.
=505  0\$a1. Introduction -- 2. Schools and LGBT-Q indentification -- 3. LGBT-Q rights : from criminalisation to marriage -- 4. Tools for (re)thinking and (re)imagining legitimacy across schooling, sexuality and religiosity -- 5. LGBT-Q politics and ambivalent promises of normalisation -- 6. Ambivalent negotiations of state recognition and collegial affirmation -- 7. Cultural legitimacy and its ambivalent affective attachments -- 8. Professional legitimacy and ambivalent constructions of appropriateness.
=530  \\$aAlso available in print format.
=650  \0$aCivil unions.
=650  \0$aGay rights.
=650  \0$aGay teachers. 
=650  \0$aSame-sex marriage.
=655  \7$aElectronic books.$2lcsh
=776  08$iPrint version: $z9781138185531(Hardback)$w 2016035136
=793  0\$aTaylor & Francis online monographs (UCSD)
=856 40$zTaylor & Francis. Restricted to UCSD IP addresses.$uhttps://www.taylorfrancis.com/books/9781317289005

