=LDR  02922cam a2200493Ii 4500
=001  TF9781315681177
=003  FlBoTFG
=005  20180331111825.0
=006  m\\\\\o\\d\\\\\\\\
=007  cr\\\\\\\\\\\\
=008  180331s2016\\\\enka\\\\ob\\\\001\0\eng\d
=020  \\$a9781317399377 (e-book: PDF)$q(e-book : PDF)
=020  \\$z9781317399377$q(e-book: PDF)
=020  \\$z9781317399360$q(e-book: ePub)
=020  \\$z9781317399353$q(e-book: Mobi)
=020  \\$z9781138929500$q(hardback)
=020  \\$z9781138929517$q(paperback)
=020  \\$a9781315681177 (e-book)
=020  \\$a9781317399353 (e-book: Mobi)
=020  \\$a9781317399360 (e-book: ePub)
=020  \\$a9781138929500 (hardback)
=020  \\$a9781138929517 (paperback)
=024  7\$a10.4324/9781315681177 $2doi
=035  \\$a(OCoLC)948603558
=040  \\$aFlBoTFG$cFlBoTFG$erda$beng
=050  \4$aHT119$b.U6973 2016
=082  04$a307.76$bU722
=245  04$aThe urban uncanny :$ba collection of interdisciplinary studies /$cedited by Lucy Huskinson.
=250  \\$aFirst edition.
=264  \1$aLondon ;$aNew York :$bRoutledge,$c©2016.
=300  \\$a1 online resource (ix, 195 pages) :$billustrations, text file, PDF
=336  \\$atext$2rdacontent
=337  \\$acomputer$2rdamedia
=338  \\$aonline resource$2rdacarrier
=504  \\$aIncludes bibliographical references and index.
=505  0\$a1. Introduction : the urban uncanny / Lucy Huskinson -- 2. Going underground : margins, dreams, and dark spaces in Nimrod Antal's Kontroll (2003) / Owen Evans -- 3. Shadows over Oxford : memories, murder, mystery, and morse / Ruth Meyer -- 4. This hated city : 'Deadmonton' : Edmonton's alter-ego / Hessen R. Zoeller -- 5. Cities of the dead : the Paris catacombs and Pere Lachaise cemetery in post-revolutionary Paris / Erin-Marie Legacey -- 6. Ruptures in the city : retrospective memory in Benjamin's Paris and Koolhaas' New York / Ben Moore -- 7. Pathologizing the city : archetypal psychology and the built environment / Lucy Huskinson -- 8. The wandering architecture of city and psyche / Phyllis Mazocchi -- 9. Geographies of loss and ruptured identities : the divided cities of Berlin and Nicosia / Catherine L. Dollard -- 10. Nostalgic maps : wandering in a disappearing cityscape in Miels, Joka ei osannut sanoa ei [The man who could not say no] (1975) / Essi Viitanen -- 11. Reconfiguring the urban body in Delillo's cosmopolis (2013) / Daan Wesselman.
=530  \\$aAlso available in print format.
=650  \0$aAlienation (Social psychology)
=650  \0$aCity and town life$xPsychological aspects.
=650  \0$aIdentity (Psychology)
=655  \7$aElectronic books.$2lcsh
=700  1\$aHuskinson, Lucy,$d1976-
=776  08$iPrint version: $z9781138929500(Hardback)$w 2015041662
=793  0\$aTaylor & Francis online monographs (UCSD)
=856 40$zTaylor & Francis. Restricted to UCSD IP addresses.$uhttps://www.taylorfrancis.com/books/9781317399377

