=LDR  03888cam a2200577Ii 4500
=001  TF9781315571140
=003  FlBoTFG
=005  20180331102445.0
=006  m\\\\\o\\d\\\\\\\\
=007  cr\\\\\\\\\\\\
=008  180331r20162015enka\\\\ob\\\\001\0\eng\d
=020  \\$a9781317168911 (e-book: PDF)$q(e-book : PDF)
=020  \\$z9781317168911$q(e-book: PDF)
=020  \\$z9781317168904$q(e-book: ePub)
=020  \\$z9781317168898$q(e-book: Mobi)
=020  \\$z9781472432032$q(hardback)
=020  \\$a9781315571140 (e-book)
=020  \\$a9781317168898 (e-book: Mobi)
=020  \\$a9781317168904 (e-book: ePub)
=020  \\$a9781472432032 (hardback)
=024  7\$a10.4324/9781315571140 $2doi
=035  \\$a(OCoLC)948603638
=040  \\$aFlBoTFG$cFlBoTFG$erda$beng
=043  \\$ae------
=050  \4$aGT4042$b.C47 2016
=082  04$a394.2094$bC414
=245  00$aCeremonial entries in early modern Europe :$bthe iconography of power /$cedited by J.R. Mulryne with Maria Ines Aliverti and Anna-Maria Testaverde.
=264  \1$aLondon ;$aNew York :$bRoutledge,$c©2016.
=300  \\$a1 online resource :$billustrations, text file, PDF
=336  \\$atext$2rdacontent
=337  \\$acomputer$2rdamedia
=338  \\$aonline resource$2rdacarrier
=490  1\$aEuropean festival studies : 1450-1700
=500  \\$aFirst published 2015 by Ashgate Publishing.
=504  \\$aIncludes bibliographical references and index.
=505  0\$a1. The theme of war in French renaissance entries / Richard Cooper -- 2. 'Concernant le service de leurs dictes majestez et auctorite de leur justice' : perceptions of royal power in the entries of Charles IX and Catherine de Medicis (1564-1566) / Linda Briggs -- 3. Henri IV as architect and restorer of the state : his entry into Rouen, 16 October 1596 / Margaret M. McGowan -- 4. Warrior king or king of war? : Louis XIII's entries into his bonnes villes (1620-1629) / Marie-Claude Canova-Green -- 5. 'Entrate, onoranze, esequie et altre cose' : the book of ceremonies of Francesco Tongiarini (1536-1612) / Anna Maria Testaverde -- 6. Re-moulding the city : the Roman possessi in the first half of the sixteenth century / Lucia Nuti -- 7. Theories of decorum : music and the Italian renaissance entry / Iain Fenlon -- 8. The grand entry of Elizabeth of Valois into Spain (1559) / Julia de la Torre Fazio -- 9. Elements of power in court festivals of Habsburg emperors in the sixteenth century / Veronika Sandbichler -- 10. Ephemeral architecture in the service of Vladislaus IV Vasa / Jacek Zukowski -- 11. The iconography of populism : waterborne entries to London for Anne Boleyn (1533), Catherine of Braganza (1662) and Elizabeth II (2012) / Margaret Shewring -- 12. The golden fleece of the London Drapers' Company : politics and iconography in early modern lord mayor's shows / Sara Trevisan -- 13. Enter the alien : foreign consorts and their royal entries into Scottish cities, c. 1449-1590 / Lucinda H.S. Dean -- 14. A survey of recent research on renaissance festivals in the German-speaking area / Andrea Sommer-Mathis.
=530  \\$aAlso available in print format.
=538  \\$aMode of access: World Wide Web.
=650  \0$aCeremonial entries$zEurope$xHistory.
=650  \0$aPower (Social sciences)$zEurope$xHistory.
=650  \0$aProcessions$zEurope$xHistory.
=650  \0$aRites and ceremonies$zEurope$xHistory.
=650  \0$aRoyal visitors$zEurope$xHistory.
=651  \0$aEurope$xSocial life and customs.
=655  \7$aElectronic books.$2lcsh
=700  1\$aAliverti, Maria Ines.
=700  1\$aMulryne, J. R.
=700  1\$aTestaverde Matteini, Annamaria.
=776  08$iPrint version: $z9781472432032(Hardback)$w 2014023592
=793  0\$aTaylor & Francis online monographs (UCSD)
=830  \0$aEuropean festival studies.
=856 40$zTaylor & Francis. Restricted to UCSD IP addresses.$uhttps://www.taylorfrancis.com/books/9781317168911

