=LDR  02689cam a2200481Ii 4500
=001  TF9781315723334
=003  FlBoTFG
=005  20180331111825.0
=006  m\\\\\o\\d\\\\\\\\
=007  cr\\\\\\\\\\\\
=008  180331s2016\\\\nyu\\\\\ob\\\\001\0\eng\d
=020  \\$a9781317527657 (e-book: PDF)$q(e-book : PDF)
=020  \\$z9781317527657$q(e-book: PDF)
=020  \\$z9781317527640$q(e-book: ePub)
=020  \\$z9781317527633$q(e-book: Mobi)
=020  \\$z9781138400962$q(hardback)
=020  \\$z9781138843660$q(paperback)
=020  \\$a9781315723334 (e-book)
=020  \\$a9781317527633 (e-book: Mobi)
=020  \\$a9781317527640 (e-book: ePub)
=020  \\$a9781138400962 (hardback)
=020  \\$a9781138843660 (paperback)
=024  7\$a10.4324/9781315723334 $2doi
=035  \\$a(OCoLC)958109519
=040  \\$aFlBoTFG$cFlBoTFG$erda$beng
=050  \4$aRC394.A85$bN33 2016
=082  04$a616.8589$bN134
=100  1\$aNadeau, Kathleen G.,$eauthor.
=245  14$aThe ADHD guide to career success :$bharness your strengths, manage your challenges /$cKathleen Nadeau.
=250  \\$aSecond edition.
=264  \1$aNew York :$bRoutledge,$c©2016.
=300  \\$a1 online resource (vi, 266 pages) :$btext file, PDF
=336  \\$atext$2rdacontent
=337  \\$acomputer$2rdamedia
=338  \\$aonline resource$2rdacarrier
=504  \\$aIncludes bibliographical references and index.
=505  0\$a1. Harness your strengths, manage your challenges : an overview -- 2. Strengths-focused ADHD career assessments -- 3. Guided self-assessments to address on-the-job challenges -- 4. Problem solving when you need a change at work -- 5. ADHD and personality type at work -- 6. ADHD and learning challenges -- 7. Putting the positive side of ADHD to work -- 8. Taking charge of your ADHD at work -- 9. Building positive relationships at work -- 10. An ADHD-friendly work environment -- 11. What to look for in a boss -- 12. ADHD and the Americans with Disabilities Act -- 13. Strategies and accommodations to function better at work -- 14. Alternatives to the "9 to 5" -- 15. Workplace issues for women with ADHD -- 16. Using technology to manage workplace challenges -- 17. Become your own ADHD success story -- 18. Putting it all together to achieve your career goals.
=530  \\$aAlso available in print format.
=650  \0$aAttention-deficit disordered adults$xEmployment.
=650  \0$aAttention-deficit hyperactivity disorder.
=655  \7$aElectronic books.$2lcsh
=776  08$iPrint version: $z9781138400962$q(Hardback)
=793  0\$aTaylor & Francis online monographs (UCSD)
=856 40$zTaylor & Francis. Restricted to UCSD IP addresses.$uhttps://www.taylorfrancis.com/books/9781317527657

