=LDR  02142cam a2200493Ii 4500
=001  TF9781315775845
=003  FlBoTFG
=005  20180331111825.0
=006  m\\\\\o\\d\\\\\\\\
=007  cr\\\\\\\\\\\\
=008  180331s2014\\\\nyuad\\\ob\\\\001\0\eng\d
=020  \\$a9781317688662 (e-book: PDF)$q(e-book : PDF)
=020  \\$z9781317688662$q(e-book: PDF)
=020  \\$z9781317688655$q(e-book: ePub)
=020  \\$z9781317688648$q(e-book: Mobi)
=020  \\$z9780415623612$q(hardback)
=020  \\$z9781138573970$q(paperback)
=020  \\$a9781315775845 (e-book)
=020  \\$a9781317688648 (e-book: Mobi)
=020  \\$a9781317688655 (e-book: ePub)
=020  \\$a9780415623612 (hardback)
=020  \\$a9781138573970 (paperback)
=024  7\$a10.4324/9781315775845 $2doi
=035  \\$a(OCoLC)897457041
=040  \\$aFlBoTFG$cFlBoTFG$erda$beng
=050  \4$aBD418.3$b.R77 20174
=082  04$a128.2$bR869
=245  04$aThe Routledge handbook of embodied cognition /$cedited by Lawrence Shapiro.
=264  \1$aNew York :$bRoutledge,$c©2014.
=300  \\$a1 online resource (xvii, 400 pages) :$billustrations, text file, PDF
=336  \\$atext$2rdacontent
=337  \\$acomputer$2rdamedia
=338  \\$aonline resource$2rdacarrier
=490  0\$aRoutledge handbooks in philosophy
=504  \\$aIncludes bibliographical references and index.
=505  0\$apt. 1. Historical underpinnings -- pt. 2. Perspectives on embodied cognition -- pt. 3. Applied embodied cognition : perception, language, and reasoning -- pt. 4. Applied embodied cognition : social and moral cognition and emotion -- pt. 5. Applied embodied cognition : memory, attention, and group cognition -- pt. 6. Meta-topics.
=530  \\$aAlso available in print format.
=650  \0$aCognition.
=650  \0$aCognitive science.
=650  \0$aPhilosophy of mind.
=655  \7$aElectronic books.$2lcsh
=700  1\$aShapiro, Lawrence A.
=776  08$iPrint version: $z9780415623612$q(Hardback)$w(DLC) 2013044861
=793  0\$aTaylor & Francis online monographs (UCSD)
=856 40$zTaylor & Francis. Restricted to UCSD IP addresses.$uhttps://www.taylorfrancis.com/books/9781317688662

