=LDR  03087cam a2200469Ii 4500
=001  TF9781315459172
=003  FlBoTFG
=005  20180331102445.0
=006  m\\\\\o\\d\\\\\\\\
=007  cr\\\\\\\\\\\\
=008  180331s2017\\\\nyuabc\\ob\\\\001\0\eng\d
=020  \\$a9781315459165 (e-book: PDF)$q(e-book : PDF)
=020  \\$z9781315459165$q(e-book: PDF)
=020  \\$z9781315459141$q(e-book: Mobi)
=020  \\$z9781138208469$q(hardback)
=020  \\$a9781315459172 (e-book)
=020  \\$a9781315459141 (e-book: Mobi)
=020  \\$a9781138208469 (hardback)
=024  7\$a10.4324/9781315459172 $2doi
=035  \\$a(OCoLC)967745115
=040  \\$aFlBoTFG$cFlBoTFG$erda$beng
=043  \\$aa-vt---$ae-fr---$an-us---
=050  \4$aDS553.1$b.C35 2017
=082  04$a959.70431$bC135
=100  1\$aCain, Frank,$d1931-,$eauthor.
=245  10$aAmerica's Vietnam War and its French connection /$cFrank Cain.
=264  \1$aNew York :$bRoutledge,$c©2017.
=300  \\$a1 online resource :$billustrations, text file, PDF
=336  \\$atext$2rdacontent
=337  \\$acomputer$2rdamedia
=338  \\$aonline resource$2rdacarrier
=490  1\$aRoutledge advances in American history ;$v5
=504  \\$aIncludes bibliographical references and index.
=505  0\$a1. The return of French colonialism to Vietnam and the formation of the Democratic Republic of Vietnam -- 2. The US reaction to French colonialism and the Franco-American affiliation -- 3. The return of the French Army and the collapse of French/DRV negotiations -- 4. The modus vivendi and the Battle for Haiphong -- 5. The DRV's evacuation to the mountains, Moutet's failed mission to Ho Chi Minh and Admiral d'Argenlieu's departure from office -- 6. French military losses against the DRV and the French search for a replacement of its colonial administration -- 7. The rise of communist China and the crisis of Bao Dai -- 8. Vietnam linked to Korean War and De Lattre's campaign against General Giap -- 9. Off-shore procurement and French victories against the DRV's campaigns -- 10. Early Eisenhower years and the Bao Dai problem -- 11. Eisenhower's plans for financing the French and the rise of Ngo Dinh Diem -- 12. French attacks on People's Army and the Battle of Dien Bien Phu -- 13. How Dien Binh Phu was lost and the role of Secretary Dulles in Geneva negotiations -- 14. United States in the post-armistice Indochina and the direct funding for Ngo Dinh Diem -- 15. General Collin's mission and the problems of Diem's one-man state -- 16. Kennedy sends aid in lieu of troops and the deaths of Diem and Kennedy.
=530  \\$aAlso available in print format.
=538  \\$aMode of access: World Wide Web.
=650  \0$aIndochinese War, 1946-1954.
=650  \0$aVietnam War, 1961-1975$xCauses.
=655  \7$aElectronic books.$2lcsh
=776  08$iPrint version: $z9781138208469(Hardback)$w 2016039018
=793  0\$aTaylor & Francis online monographs (UCSD)
=830  \0$aRoutledge advances in American history ;$v5.
=856 40$zTaylor & Francis. Restricted to UCSD IP addresses.$uhttps://www.taylorfrancis.com/books/9781315459165

