=LDR  02430cam a2200469Ii 4500
=001  TF9781315692364
=003  FlBoTFG
=005  20180331111825.0
=006  m\\\\\o\\d\\\\\\\\
=007  cr\\\\\\\\\\\\
=008  180331s2016\\\\nyua\\\\ob\\\\001\0\eng\d
=020  \\$a9781317432906 (e-book: PDF)$q(e-book : PDF)
=020  \\$z9781317432906$q(e-book: PDF)
=020  \\$z9781317432890$q(e-book: ePub)
=020  \\$z9781317432883$q(e-book: Mobi)
=020  \\$z9781138905955$q(hardback)
=020  \\$z9781138905962$q(paperback)
=020  \\$a9781315692364 (e-book)
=020  \\$a9781317432883 (e-book: Mobi)
=020  \\$a9781317432890 (e-book: ePub)
=020  \\$a9781138905955 (hardback)
=020  \\$a9781138905962 (paperback)
=024  7\$a10.4324/9781315692364 $2doi
=035  \\$a(OCoLC)1000442296
=040  \\$aFlBoTFG$cFlBoTFG$erda$beng
=050  \4$aRC552.T7$bS73 2016
=082  04$a616.85210651$bS789
=100  1\$aStanley, Sharon.,$eauthor.
=245  10$aRelational and body-centered practices for healing trauma :$blifting the burdens of the past /$cSharon Stanley.
=264  \1$aNew York :$bRoutledge,$c©2016.
=300  \\$a1 online resource (xii, 223 pages) :$billustrations, text file, PDF
=336  \\$atext$2rdacontent
=337  \\$acomputer$2rdamedia
=338  \\$aonline resource$2rdacarrier
=504  \\$aIncludes bibliographical references and index.
=505  0\$a1. Trauma and embodied relational therapy -- 2. Structures and functions of the brain and polyvagal theory of autonomic functioning -- 3. Good news! The brain can change! -- 4. Embodiment : coming home to our bodies -- 5. With trauma "the spirit leaves the body" -- 6. Somatic awareness : the truth of the mind begins in the body -- 7. Somatic empathy : encounters of "feeling felt" -- 8. Somatic inquiry : exploring the intersubjective world through language -- 9. Somatic interventions for regulating neural-emotional states -- 10. Somatic interventions with imagination and dreams -- 11. Somatic reflection -- 12. The old/new paradigm for healing trauma.
=530  \\$aAlso available in print format.
=650  \0$aPsychic trauma.
=650  \0$aTraumatic neuroses.
=655  \7$aElectronic books.$2lcsh
=776  08$iPrint version: $z9781138905955(Hardback)$w 2015032542
=793  0\$aTaylor & Francis online monographs (UCSD)
=856 40$zTaylor & Francis. Restricted to UCSD IP addresses.$uhttps://www.taylorfrancis.com/books/9781317432906

