=LDR  02718cam a2200553Ii 4500
=001  TF9781315545165
=003  FlBoTFG
=005  20180331102445.0
=006  m\\\\\o\\d\\\\\\\\
=007  cr\\\\\\\\\\\\
=008  180331s2017\\\\enka\\\\ob\\\\001\0\eng\d
=020  \\$a9781134821129 (e-book: PDF)$q(e-book : PDF)
=020  \\$z9781134821129$q(e-book: PDF)
=020  \\$z9781134821266$q(e-book: Mobi)
=020  \\$z9781138682429$q(hardback)
=020  \\$a9781315545165 (e-book)
=020  \\$a9781134821266 (e-book: Mobi)
=020  \\$a9781138682429 (hardback)
=024  7\$a10.4324/9781315545165 $2doi
=035  \\$a(OCoLC)968767209
=040  \\$aFlBoTFG$cFlBoTFG$erda$beng
=043  \\$ae-ur---$ae-yu---
=050  \4$aDK33$b.G74 2017
=082  04$a303.6408900947$bG845
=100  1\$aGrgic, Goran,$d1965-,$eauthor.
=245  10$aEthnic conflict in asymmetric federations :$bcomparative experience of the former Soviet and Yugoslav regions /$cGorana Grgic.
=264  \1$aLondon ;$aNew York :$bRoutledge,$c©2017.
=300  \\$a1 online resource (x, 143  pages) :$billustrations, text file, PDF
=336  \\$atext$2rdacontent
=337  \\$acomputer$2rdamedia
=338  \\$aonline resource$2rdacarrier
=490  0\$aRoutledge studies in federalism and decentralization ;$v3
=504  \\$aIncludes bibliographical references and index.
=505  0\$aIntroduction -- 1. Dynamics of ethnonationalist mobilization and occurrence of conflicts in asymmetric federations -- 2. USSR and SFRY : sources of war and peace in asymmetric ethnofederations -- 3. Russia and Sebia : the core as the key -- 4. The Periphery I : early to rise, early to fight? -- 5. The Periphery II : mobilizational laggards and interethnic confects -- 6. The Periphery III : the conflict near misses -- Conclusion.
=530  \\$aAlso available in print edition.
=538  \\$aMode of access: World Wide Web.
=650  \0$aDemocratization$zFormer Soviet republics.
=650  \0$aDemocratization$zFormer Yugoslav republics.
=650  \0$aEthnic conflict$zFormer Soviet republics.
=650  \0$aEthnic conflict$zFormer Yugoslav republics.
=650  \0$aFederal government$zSoviet Union.
=650  \0$aFederal government$zYugoslavia.
=650  \0$aMinorities$xGovernment policy$zSoviet Union.
=650  \0$aMinorities$xGovernment policy$zYugoslavia.
=651  \0$aSoviet Union$xEthnic relations$xPolitical aspects.
=651  \0$aYugoslavia$xEthnic relations$xPolitical aspects.
=655  \7$aElectronic books.$2lcsh
=776  08$iPrint version: $z9781138682429$q(Hardback)
=793  0\$aTaylor & Francis online monographs (UCSD)
=856 40$zTaylor & Francis. Restricted to UCSD IP addresses.$uhttps://www.taylorfrancis.com/books/9781134821129

