=LDR  02412cam a2200553Ii 4500
=001  TF9781315733432
=003  FlBoTFG
=005  20180331111825.0
=006  m\\\\\o\\d\\\\\\\\
=007  cr\\\\\\\\\\\\
=008  180331s2016\\\\nyua\\\\ob\\\\001\0\eng\d
=020  \\$a9781317557968 (e-book: PDF)$q(e-book : PDF)
=020  \\$z9781317557968$q(e-book: PDF)
=020  \\$z9781317557951$q(e-book: ePub)
=020  \\$z9781317557944$q(e-book: Mobi)
=020  \\$z9781138188419$q(hardback)
=020  \\$z9781138839434$q(paperback)
=020  \\$a9781315733432 (e-book)
=020  \\$a9781317557944 (e-book: Mobi)
=020  \\$a9781317557951 (e-book: ePub)
=020  \\$a9781138188419 (hardback)
=020  \\$a9781138839434 (paperback)
=024  7\$a10.4324/9781315733432 $2doi
=035  \\$a(OCoLC)933518219
=040  \\$aFlBoTFG$cFlBoTFG$erda$beng
=050  \4$aHQ1219$b.J495 2016
=082  04$a646.72$bJ599
=100  1\$aJha, Meeta Rani.,$eauthor.
=245  14$aThe global beauty industry :$bcolorism, racism, and the national body /$cMeeta Rani Jha.
=264  \1$aNew York, N.Y. :$bRoutledge,$c©2016.
=300  \\$a1 online resource (xi, 123 pages) :$billustrations, text file, PDF
=336  \\$atext$2rdacontent
=337  \\$acomputer$2rdamedia
=338  \\$aonline resource$2rdacarrier
=490  1\$aFraming 21st century social issues
=504  \\$aIncludes bibliographical references and index.
=505  0\$aI. Beauty as structural inequality : beauty, feminist protests, nationalism, neoliberal femininity -- II. Black is beautiful : anti-racist beauty aesthetics and cultural resistance -- III. Globalization, Indian beauty nationalism, and colorism : class, caste, and gender stratification -- IV. Chinese femininity, beauty economy, cosmetic surgery -- V. A complex model of beauty.
=530  \\$aAlso available in print format.
=650  \0$aBeauty contests.
=650  \0$aBeauty culture$xSocial aspects.
=650  \0$aBeauty, Personal$xSocial aspects.
=650  \0$aNationalism.
=650  \0$aRacism.
=650  \0$aSex role.
=650  \0$aWomen$xIdentity.
=655  \7$aElectronic books.$2lcsh
=776  08$iPrint version: $z9781138188419$q(Hardback)$w(DLC)  2015011689
=793  0\$aTaylor & Francis online monographs (UCSD)
=830  \0$aFraming 21st century social issues.
=856 40$zTaylor & Francis. Restricted to UCSD IP addresses.$uhttps://www.taylorfrancis.com/books/9781317557968

