=LDR  02153cam a2200505Ii 4500
=001  TF9781315231112
=003  FlBoTFG
=005  20180330125217.0
=006  m\\\\\o\\d\\\\\\\\
=007  cr\\\\\\\\\\\\
=008  180331r20172015enka\\\\ob\\\\001\0\eng\d
=020  \\$a9781351864091 (e-book: PDF)$q(e-book : PDF)
=020  \\$z9781351864091$q(e-book: PDF)
=020  \\$z9781351864077$q(e-book: Mobi)
=020  \\$z9780895039019$q(hardback)
=020  \\$z9780895039026$q(paperback)
=020  \\$a9781315231112 (e-book)
=020  \\$a9781351864077 (e-book: Mobi)
=020  \\$a9780895039019 (hardback)
=020  \\$a9780895039026 (paperback)
=024  7\$a10.4324/9781315231112 $2doi
=035  \\$a(OCoLC)973125385
=040  \\$aFlBoTFG$cFlBoTFG$erda$beng
=050  \4$aBF311$b.K86 2017
=082  04$a153$bK966
=100  1\$aKunzendorf, Robert G.,$eauthor.
=245  10$aOn the evolution of conscious sensation, conscious imagination, and consciousness of self /$cRobert G. Kunzendorf.
=264  \1$aLondon :$bRoutledge,$c©2017.
=300  \\$a1 online resource (ix, 128 pages) :$billustrations, text file, PDF
=336  \\$atext$btxt$2rdacontent
=337  \\$acomputer$bc$2rdamedia
=338  \\$aonline resource$bcr$2rdacarrier
=490  1\$aImagery and human development series
=500  \\$aFirst published 2015 by Baywood Publishing Company, Inc.
=504  \\$aIncludes bibliographical references (p. 89-120) and index.
=505  0\$ach. 1. Theoretical background and the current evolutionary hypotheses -- ch. 2. The evolution of conscious sensation -- ch. 3. The evolution of conscious imagination -- ch. 4. The evolution of consiousness of self.
=530  \\$aAlso available in print format.
=650  \0$aConsciousness.
=650  \0$aImagery (Psychology)
=650  \0$aSelf.
=650  \0$aSenses and sensation.
=655  \7$aElectronic books.$2lcsh
=776  08$iPrint version: $z9780895039019(Hardback)$w 2015016906
=793  0\$aTaylor & Francis online monographs (UCSD)
=830  \0$aImagery and human development series.
=856 40$zTaylor & Francis. Restricted to UCSD IP addresses.$uhttps://www.taylorfrancis.com/books/9781351864091

