=LDR  02289cam a2200493Ii 4500
=001  TF9781315693422
=003  FlBoTFG
=005  20180331111825.0
=006  m\\\\\o\\d\\\\\\\\
=007  cr\\\\\\\\\\\\
=008  180331s2017\\\\enk\\\\\ob\\\\001\0\eng\d
=020  \\$a9781317436270 (e-book: PDF)$q(e-book : PDF)
=020  \\$z9781317436270$q(e-book: PDF)
=020  \\$z9781317436256$q(e-book: Mobi)
=020  \\$z9781138910447$q(hardback)
=020  \\$z9781138910454$q(paperback)
=020  \\$a9781315693422 (e-book)
=020  \\$a9781317436256 (e-book: Mobi)
=020  \\$a9781138910447 (hardback)
=020  \\$a9781138910454 (paperback)
=024  7\$a10.4324/9781315693422 $2doi
=035  \\$a(OCoLC)965826874
=040  \\$aFlBoTFG$cFlBoTFG$erda$beng
=050  \4$aHV6626$b.P4585 2017
=082  04$a362.82927$bP453
=245  00$aPerpetrators of intimate partner sexual violence :$ba multidisciplinary approach to prevention, recognition, and intervention /$cedited by Louise McOrmond-Plummer, Jennifer Y. Levy-Peck, and Patricia Easteal.
=264  \1$aLondon ;$aNew York :$bRoutledge,$c©2017.
=300  \\$a1 online resource (xxvi, 253 pages) :$btext file, PDF
=336  \\$atext$2rdacontent
=337  \\$acomputer$2rdamedia
=338  \\$aonline resource$2rdacarrier
=504  \\$aIncludes bibliographical references and index.
=505  0\$apt. 1. Moving the focus to perpetrators and their impact -- pt. 2. Who are the perpetrators of intimate partner sexual violence? -- pt. 3. Perpetrators' strategies for control -- pt. 4. How perpetrators are condoned : the social context of intimate partner sexual violence -- pt. 5. Community prevention and intervention with perpetrators.
=530  \\$aAlso available in print format.
=650  \0$aAbusive lesbian partners.
=650  \0$aAbusive men.
=650  \0$aIntimate partner violence.
=650  \0$aSexual abuse victims.
=655  \7$aElectronic books.$2lcsh
=700  1\$aEasteal, Patricia Weiser.
=700  1\$aLevy-Peck, Jennifer Y.
=700  1\$aMcOrmond-Plummer, Louise,$d1966-
=776  08$iPrint version: $z9781138910447$q(Hardback)$w(DLC) 2016030361
=793  0\$aTaylor & Francis online monographs (UCSD)
=856 40$zTaylor & Francis. Restricted to UCSD IP addresses.$uhttps://www.taylorfrancis.com/books/9781317436270

