=LDR  01788cam a2200457Ii 4500
=001  TF9781315749181
=003  FlBoTFG
=005  20180331111825.0
=006  m\\\\\o\\d\\\\\\\\
=007  cr\\\\\\\\\\\\
=008  180331s2017\\\\enkad\\\ob\\\\001\0\eng\d
=020  \\$a9781317608332 (e-book: PDF)$q(e-book : PDF)
=020  \\$z9781317608332$q(e-book: PDF)
=020  \\$z9781317608318$q(e-book: Mobi)
=020  \\$z9781138811584$q(hardback)
=020  \\$z9781138811591$q(paperback)
=020  \\$a9781315749181 (e-book)
=020  \\$a9781317608318 (e-book: Mobi)
=020  \\$a9781138811584 (hardback)
=020  \\$a9781138811591 (paperback)
=035  \\$a(OCoLC)970384514
=040  \\$aFlBoTFG$cFlBoTFG$erda$beng
=050  \4$aBF723.P48$bT44 2017
=082  04$a155.413$bT396
=245  00$aTheory of mind development in context /$cedited by Virginia Slaughter and Marc de Rosnay.
=264  \1$aAbingdon, Oxon ;$aNew York, N.Y. :$bRoutledge,$c©2017.
=300  \\$a1 online resource (xxi, 160 pages) :$billustrations, text file, PDF
=336  \\$atext$2rdacontent
=337  \\$acomputer$2rdamedia
=338  \\$aonline resource$2rdacarrier
=504  \\$aIncludes bibliographical references and index.
=505  0\$apt. 1. Social contexts for development -- pt. 2. Atypical developmental contexts.
=530  \\$aAlso available in print format.
=650  \0$aChild psychology.
=650  \0$aDevelopmental psychology.
=650  \0$aPhilosophy of mind in children.
=655  \7$aElectronic books.$2lcsh
=700  1\$aDe Rosnay, Marc.
=700  1\$aSlaughter, Virginia.
=776  08$iPrint version: $z9781138811584$q(Hardback)
=793  0\$aTaylor & Francis online monographs (UCSD)
=856 40$zTaylor & Francis. Restricted to UCSD IP addresses.$uhttps://www.taylorfrancis.com/books/9781317608332

