=LDR  02772cam a2200481Ii 4500
=001  TF9781843926771
=003  FlBoTFG
=005  20180331102445.0
=006  m\\\\\o\\d\\\\\\\\
=007  cr\\\\\\\\\\\\
=008  130331s2006\\\\enk\\\\fob\\\\001\0\eng\d
=020  \\$a9781134044030 (e-book: PDF)$q(e-book : PDF)
=020  \\$z9781134044030$q(e-book: PDF)
=020  \\$z9781134044108$q(e-book: ePub)
=020  \\$z9781134044177$q(e-book: Mobi)
=020  \\$z9781138177413$q(hardback)
=020  \\$z9781843920960$q(paperback)
=020  \\$a9781843926771 (e-book)
=020  \\$a9781134044177 (e-book: Mobi)
=020  \\$a9781134044108 (e-book: ePub)
=020  \\$a9781138177413 (hardback)
=020  \\$a9781843920960 (paperback)
=024  7\$a10.4324/9781843926771 $2doi
=035  \\$a(OCoLC)830322407
=040  \\$aFlBoTFG$cFlBoTFG$erda$beng
=043  \\$ae-uk---
=050  \4$aHQ185.A5$bS49 2006
=082  04$a306.7420941$bS518
=245  00$aSex work now /$cedited by Rosie Campbell and Maggie O'Neill.
=264  \1$aCullompton, Devon [England] ;$aPortland, Or. :$bWillan,$c©2006.
=300  \\$a1 online resource (xxi, 297 pages) :$btext file, PDF
=336  \\$atext$2rdacontent
=337  \\$acomputer$2rdamedia
=338  \\$aonline resource$2rdacarrier
=504  \\$aIncludes bibliographical references and index.
=505  0\$a1. Out of touch and out of time? The contemporary policing of sex work / Phil Hubbard -- 2. Street sex work and local communities : creating discursive spaces for genuine consultation and inclusion / Maggie O'Neill and Rosie Campbell -- 3. 'Zoning' street sex work : the way forward? / Marieke Van Doorninck and Rosie Campbell -- 4. Behind the personal ads : the indoor sex markets in Britain / Teela Sanders -- 5. The conundrum of women's agency : migration and the sex industry / Laura Maria Agustin -- 6. Murder made easy : the final solution to prostitution? / Hilary Kinnell -- 7. Sex work and problem drug use in the UK : the links, problems and possible solutions / Tiggey May and Gillian Hunter -- 8. Finding the 'I' in sexual exploitation : young people's voices within policy and practice / J.J. Pearce -- 9. Clients of female sex workers : men or monsters? / Hilary Kinnell -- 10. Support services for women working in the sex industry / Jane Pitcher -- 11. Sex workers in the Labour Movement / Ana Lopes.
=530  \\$aAlso available in print format.
=650  \0$aProstitution$zGreat Britain.
=655  \7$aElectronic books.$2lcsh
=700  1\$aCampbell, Rosie,$d1967-
=700  1\$aO'Neill, Maggie.
=776  08$iPrint version: $z9781138177413(Hardback)
=793  0\$aTaylor & Francis online monographs (UCSD)
=856 40$zTaylor & Francis. Restricted to UCSD IP addresses.$uhttps://www.taylorfrancis.com/books/9781134044030

