=LDR  02801cam a2200469Ii 4500
=001  TF9781315742489
=003  FlBoTFG
=005  20180331111825.0
=006  m\\\\\o\\d\\\\\\\\
=007  cr\\\\\\\\\\\\
=008  180331s2016\\\\enkac\\\ob\\\\001\0deng\d
=020  \\$a9781317586265 (e-book: PDF)$q(e-book : PDF)
=020  \\$z9781317586265$q(e-book: PDF)
=020  \\$z9781317586258$q(e-book: ePub)
=020  \\$z9781317586241$q(e-book: Mobi)
=020  \\$z9781138822580$q(hardback)
=020  \\$z9781138822597$q(paperback)
=020  \\$a9781315742489 (e-book)
=020  \\$a9781317586241 (e-book: Mobi)
=020  \\$a9781317586258 (e-book: ePub)
=020  \\$a9781138822580 (hardback)
=020  \\$a9781138822597 (paperback)
=024  7\$a10.4324/9781315742489 $2doi
=035  \\$a(OCoLC)948511737
=035  \\$a(OCoLC)952730249
=040  \\$aFlBoTFG$cFlBoTFG$erda$beng
=050  \4$aPS3564.O795$bZ57 2016
=082  04$a812.54$bC934
=245  02$aA critical companion to Lynn Nottage /$cedited by Jocelyn L. Buckner.
=264  \1$aMilton Park, Abingdon, Oxon ;$aNew York :$bRoutledge,$c©2016.
=300  \\$a1 online resource (x, 214 pages) :$billustrations, text file, PDF
=336  \\$atext$2rdacontent
=337  \\$acomputer$2rdamedia
=338  \\$aonline resource$2rdacarrier
=504  \\$aIncludes bibliographical references and index.
=505  0\$a1. On the table : crumbs of freedom and fugitivity : a twenty-first century (re)reading of Crumbs from the table of Joy / Jaye Austin Williams -- 2. Guess who's coming to dinner : choral performance in Mud, river, stone / Jennifer L. Hayes -- 3. Diasporic desires in Las Meninas / Jocelyn L. Buckner -- 4. Intimate spaces/public places : locating sites of migration, connection, and identity in Intimate apparel / Adrienne Macki Braconi -- 5. "It's all about a rabbit, or it ain't" : the folkloric significations of Lynn Nottage / Faedra Chatard Carpenter -- 6. Vera Stark at the crossroads of history / Harvey Young -- 7. Melodrama, sensation, and activism in Ruined / Jennifer-Scott Mobley -- 8. Renegotiating realism : hybridity of form and political potentiality in Ruined / Jeff Paden -- 9. Land rights and womb rights : forging difficult diasporic kinships in Ruined / Esther J. Terry -- 10. On creativity and collaboration : a conversation with Lynn Nottage, Seret Scott, and Kate Whoriskey / Jocelyn L. Buckner.
=530  \\$aAlso available in print format.
=600  10$aNottage, Lynn$xCriticism and interpretation.
=655  \7$aElectronic books.$2lcsh
=700  1\$aBuckner, Jocelyn L.
=776  08$iPrint version: $z9781138822580$q(Hardback)$w(DLC) 2015039734
=793  0\$aTaylor & Francis online monographs (UCSD)
=856 40$zTaylor & Francis. Restricted to UCSD IP addresses.$uhttps://www.taylorfrancis.com/books/9781317586265

