=LDR  02450cam a2200529Ii 4500
=001  TF9781315609539
=003  FlBoTFG
=005  20180331102445.0
=006  m\\\\\o\\d\\\\\\\\
=007  cr\\\\\\\\\\\\
=008  180331s2016\\\\enka\\\\ob\\\\001\0\eng\d
=020  \\$a9781317053743 (e-book: PDF)$q(e-book : PDF)
=020  \\$z9781317053743$q(e-book: PDF)
=020  \\$z9781317053736$q(e-book: ePub)
=020  \\$z9781317053729$q(e-book: Mobi)
=020  \\$z9781472479082$q(hardback)
=020  \\$a9781315609539 (e-book)
=020  \\$a9781317053729 (e-book: Mobi)
=020  \\$a9781317053736 (e-book: ePub)
=020  \\$a9781472479082 (hardback)
=024  7\$a10.4324/9781315609539 $2doi
=035  \\$a(OCoLC)950414418
=040  \\$aFlBoTFG$cFlBoTFG$erda$beng
=043  \\$as------
=050  \4$aHD1857$b.M68 2016
=082  04$a338.188$bM921
=100  1\$aMotta, Renata.,$eauthor.
=245  10$aSocial mobilization, global capitalism and struggles over food :$ba comparative study of social movements /$cRenata Motta.
=264  \1$aLondon ;$aNew York :$bRoutledge,$c©2016.
=300  \\$a1 online resource (525 pages) :$billustrations, text file, PDF
=336  \\$atext$2rdacontent
=337  \\$acomputer$2rdamedia
=338  \\$aonline resource$2rdacarrier
=490  0\$aEntangled inequalities : exploring global asymmetries
=504  \\$aIncludes bibliographical references (p. [164]-183) and index.
=505  0\$a1. Theorizing and research disputes over GMOs -- 2. A silenced revolution (1996-2002) -- 3. Increasing noise (2003-2013) -- 4. The unexpectedly contentious Brazilians (1996-2002) -- 5. The politics of fait accomplis (2003-2013) -- 6. Many tales of GMOs : a comparison -- 7. Conclusions.
=530  \\$aAlso available in print format.
=538  \\$aMode of access: World Wide Web.
=650  \0$aAgriculture and politics$zSouth America.
=650  \0$aAgriculture and state$xEnvironmental aspects$zSouth America.
=650  \0$aAgriculture$xEconomic aspects$zSouth America.
=650  \0$aSocial movements$zSouth America.
=650  \0$aTransgenic plants$xPolitical aspects$zSouth America.
=650  \0$aTransgenic plants$xSocial aspects$zSouth America.
=655  \7$aElectronic books.$2lcsh
=776  08$iPrint version: $z9781472479082(Hardback)$w 2015042293
=793  0\$aTaylor & Francis online monographs (UCSD)
=856 40$zTaylor & Francis. Restricted to UCSD IP addresses.$uhttps://www.taylorfrancis.com/books/9781317053743

