=LDR  02327cam a2200493Ii 4500
=001  TF9781315768755
=003  FlBoTFG
=005  20180331111825.0
=006  m\\\\\o\\d\\\\\\\\
=007  cr\\\\\\\\\\\\
=008  180331s2016\\\\enkab\\\ob\\\\001\0\eng\d
=020  \\$a9781317667391 (e-book: PDF)$q(e-book : PDF)
=020  \\$z9781317667391$q(e-book: PDF)
=020  \\$z9781317667384$q(e-book: ePub)
=020  \\$z9781317667377$q(e-book: Mobi)
=020  \\$z9781138783287$q(hardback)
=020  \\$z9781138104303$q(paperback)
=020  \\$a9781315768755 (e-book)
=020  \\$a9781317667377 (e-book: Mobi)
=020  \\$a9781317667384 (e-book: ePub)
=020  \\$a9781138783287 (hardback)
=020  \\$a9781138104303 (paperback)
=024  7\$a10.4324/9781315768755 $2doi
=035  \\$a(OCoLC)945899091
=040  \\$aFlBoTFG$cFlBoTFG$erda$beng
=050  \4$aHD60$b.M39 2016
=082  04$a658.4083$bM155
=100  1\$aMcKenna, Kylie.,$eauthor.
=245  10$aCorporate social responsibility and natural resource conflict /$cKylie McKenna.
=264  \1$aLondon ;$aNew York :$bRoutledge,$c©2016.
=300  \\$a1 online resource (xii, 228 pages) :$billustrations, text file, PDF
=336  \\$atext$2rdacontent
=337  \\$acomputer$2rdamedia
=338  \\$aonline resource$2rdacarrier
=490  1\$aRoutledge research in sustainability and business
=504  \\$aIncludes bibliographical references and index.
=505  0\$a1. The challenge of corporate social responsibility and conflict -- 2. Conflict in Bougainville and West Papua -- 3. Historical injustice -- 4. State law and customary land ownership -- 5. Hierarchies of revenue and compensation -- 6. Preventive peace dialogue -- 7. Corporate security politics -- 8. Social impact assessments -- 9. Environmental damage -- 10. Local reconciliation -- 11. Interdependent engagement.
=530  \\$aAlso available in print format.
=650  \0$aNatural resources$xManagement.
=650  \0$aSocial responsibility of business.
=655  \7$aElectronic books.$2lcsh
=776  08$iPrint version: $z9781138783287$q(Hardback)$w(DLC) 2015021518
=793  0\$aTaylor & Francis online monographs (UCSD)
=830  \0$aRoutledge research in sustainability and business.
=856 40$zTaylor & Francis. Restricted to UCSD IP addresses.$uhttps://www.taylorfrancis.com/books/9781317667391

