=LDR  03151cam a2200505Ii 4500
=001  TF9781315529653
=003  FlBoTFG
=005  20180330125217.0
=006  m\\\\\o\\d\\\\\\\\
=007  cr\\\\\\\\\\\\
=008  180331s2017\\\\enk\\\\\ob\\\\001\0\eng\d
=020  \\$a9781315529646 (e-book: PDF)$q(e-book : PDF)
=020  \\$z9781315529646$q(e-book: PDF)
=020  \\$z9781315529622$q(e-book: Mobi)
=020  \\$z9781138693722$q(hardback)
=020  \\$a9781315529653 (e-book)
=020  \\$a9781315529622 (e-book: Mobi)
=020  \\$a9781138693722 (hardback)
=024  7\$a10.4324/9781315529653 $2doi
=035  \\$a(OCoLC)974040517
=040  \\$aFlBoTFG$cFlBoTFG$erda$beng
=043  \\$aa-sy---
=050  \4$aHV640.5.S97$bG46 2017
=082  04$a956.9104231$bG325
=245  02$aA gendifered approach to the Syrian refugee crisis /$cedited by Jane Freedman, Zeynep Kvlcm, Nurcan Ozgur Baklacoglu.
=264  \1$aLondon ;$aNew York, N.Y. :$bRoutledge,$c©2017.
=300  \\$a1 online resource (x, 180 pages) :$btext file, PDF
=336  \\$atext$btxt$2rdacontent
=337  \\$acomputer$bc$2rdamedia
=338  \\$aonline resource$bcr$2rdacarrier
=490  1\$aRoutledge studies in development, mobilities, and migration
=504  \\$aIncludes bibliographical references and index.
=505  0\$a1. Introduction : gendifer, migration and exile / Jane Freedman, Zeynep Kivilcim, Nurcan Ozgur Baklacioglu -- 2. Destabilising gendifer dynamics : Syria post-2011 / Nour Abu-Assab -- 3. Lesbian, gay, bisexual and transsexual (LGBT) Syrian refugees in Turkey / Zeynep Kivilcim -- 4. The violence of tolerated temporarity : Syrian women refugees on the outskirts of Istanbul / Nurcan Ozgur Baklacioglu -- 5. 'Trust no one, beware of everyone' : vulnerabilities of LGBTI refugees in Lebanon / Henri Myrttinen, Lana Khattab, Charbel Maydaa -- 6. Gendifer, social class, and exile : the case of Syrian women in Cairo / Maysa Ayoub -- 7. Death at sea : migration and the gendifered dimensions of bordifer insecurity / Sharon Pickering and Rebecca Powell -- 8. Women's experience of forced migration : gendifer-based forms of insecurity and the uses of "vulnerability" / Jane Freedman -- 9. Gendifer performativity in diaspora : Syrian refugee women in the UK / Nof Nasser-Eddin -- 10. Agent, victim, soldifer, son : intersecting masculinities in the European "refugee crisis" / Jennifer Allsopp -- 11. Conclusions / Jane Freedman, Zeynep Kivilcim and Nurcan Ozgur Baklacioglu.
=530  \\$aAlso available in print format.
=650  \0$aRefugees$zSyria.
=650  \0$aSyrians$xForeign countries$xSocial conditions.
=650  \0$aWomen refugees$zSyria.
=651  \0$aSyria$xHistory$yCivil War, 2011-$xRefugees.
=655  \7$aElectronic books.$2lcsh
=700  1\$aFreedman, Jane.
=700  1\$aKvlcm, Zeynep.
=700  1\$aOzgur Baklacoglu, Nurcan.
=776  08$iPrint version: $z9781138693722(Hardback)$w 2016037055
=793  0\$aTaylor & Francis online monographs (UCSD)
=830  \0$aRoutledge studies in development, mobilities, and migration.
=856 40$zTaylor & Francis. Restricted to UCSD IP addresses.$uhttps://www.taylorfrancis.com/books/9781315529646

