=LDR  02421cam a2200541Ii 4500
=001  TF9781315707648
=003  FlBoTFG
=005  20180331111825.0
=006  m\\\\\o\\d\\\\\\\\
=007  cr\\\\\\\\\\\\
=008  180331r20151975enkabd\\ob\\\\100\0\eng\d
=020  \\$a9781317480471 (e-book: PDF)$q(e-book : PDF)
=020  \\$z9781317480471$q(e-book: PDF)
=020  \\$z9781317480464$q(e-book: ePub)
=020  \\$z9781317480457$q(e-book: Mobi)
=020  \\$z9781138899773$q(hardback)
=020  \\$z9781138899858$q(paperback)
=020  \\$a9781315707648 (e-book)
=020  \\$a9781317480457 (e-book: Mobi)
=020  \\$a9781317480464 (e-book: ePub)
=020  \\$a9781138899773 (hardback)
=020  \\$a9781138899858 (paperback)
=024  7\$a10.4324/9781315707648 $2doi
=035  \\$a(OCoLC)958107801
=040  \\$aFlBoTFG$cFlBoTFG$erda$beng
=050  \4$aHV6431$b.I58 2015
=082  04$a363.325$bI612
=245  00$aInternational terrorism and world security /$cedited by David Carlton & Carlo Schaerf.
=264  \1$aLondon ;$aNew York :$bRoutledge,$c©2015.
=300  \\$a1 online resource (332 pages) :$billustrations, text file, PDF
=336  \\$atext$2rdacontent
=337  \\$acomputer$2rdamedia
=338  \\$aonline resource$2rdacarrier
=490  0\$aRoutledge library editions. Terrorism and insurgency ;$vv. 3
=500  \\$a"The papers in this volume were presented to the Fifth Course of the International School on Disarmament and Research on Conflicts, held in Urbino, Italy, between 12 and 24 August 1974"--Preface.
=500  \\$aFirst published in 1975.
=504  \\$aIncludes bibliographical references.
=505  0\$apt. 1. International terrorism -- pt. 2. The arms race -- pt. 3. European and Middle East security -- pt. 4. Peace teaching and the study of conflict.
=530  \\$aAlso available in print format.
=650  \0$aNuclear nonproliferation$vCongresses.
=650  \0$aSecurity, International$vCongresses.
=650  \0$aTerrorism$vCongresses.
=655  \7$aElectronic books.$2lcsh
=700  1\$aCarlton, David,$d1938-
=700  1\$aSchaerf, Carlo.
=711  2\$aInternational School on Disarmament and Research on Conflicts$n(5th :$d1974 :$cUrbino, Italy)
=776  08$iPrint version: $z9781138899773$q(Hardback)
=793  0\$aTaylor & Francis online monographs (UCSD)
=856 40$zTaylor & Francis. Restricted to UCSD IP addresses.$uhttps://www.taylorfrancis.com/books/9781317480471

