=LDR  03863cam a2200541Ii 4500
=001  TF9781315582504
=003  FlBoTFG
=005  20180331102445.0
=006  m\\\\\o\\d\\\\\\\\
=007  cr\\\\\\\\\\\\
=008  180331s2017\\\\enkag\\\ob\\\\001\0\eng\d
=020  \\$a9781317134831 (e-book: PDF)$q(e-book : PDF)
=020  \\$z9781317134831$q(e-book: PDF)
=020  \\$z9781317134824$q(e-book: ePub)
=020  \\$z9781317134817$q(e-book: Mobi)
=020  \\$z9781472480064$q(hardback)
=020  \\$a9781315582504 (e-book)
=020  \\$a9781317134817 (e-book: Mobi)
=020  \\$a9781317134824 (e-book: ePub)
=020  \\$a9781472480064 (hardback)
=024  7\$a10.4324/9781315582504 $2doi
=035  \\$a(OCoLC)963296037
=040  \\$aFlBoTFG$cFlBoTFG$erda$beng
=043  \\$ae-sp---
=050  \4$aML3712$b.M23 2017
=082  04$a781.62610468$bM149
=100  1\$aMachin-Autenrieth, Matthew.,$eauthor.
=245  10$aFlamenco, regionalism and musical heritage in southern Spain /$cMatthew Machin-Autenrieth.
=264  \1$aLondon ;$aNew York :$bRoutledge,$c©2017.
=300  \\$a1 online resource (xxi, 294  pages) :$billustrations, text file, PDF
=336  \\$atext$2rdacontent
=337  \\$acomputer$2rdamedia
=338  \\$aonline resource$2rdacarrier
=490  1\$aSOAS musicology series
=504  \\$aIncludes bibliographical references (p. 171-180) and index.
=505  0\$a1. Introduction : political geography, regionalism and flamenco heritage -- 2. Geography and regionalism in flamenco -- 3. Flamenco for Andalusia -- 4. Flamenco for humanity -- 5. Flamenco, Åalgo nuestro? (Something of ours?) -- 6. Flamenco : a gift for humanity and a right for the Andalusian people -- 7. Location in the flamenco scene of Granada -- 8. Uncovering locality in flamenco guitar style -- 9. Concluding remarks.
=520  \\$a"Flamenco, Regionalism and Musical Heritage in Southern Spain explores the relationship between regional identity politics and flamenco in Andalusia, the southernmost autonomous community of Spain.  In recent years, the Andalusian Government has embarked on an ambitious project aimed at developing flamenco as a symbol of regional identity. In 2010, flamenco was recognised as an Intangible Cultural Heritage of Humanity by UNESCO, a declaration that has reinvigorated institutional support for the tradition. The book draws upon ethnomusicology, political geography and heritage studies to analyse the regionalisation of flamenco within the frame of Spanish politics, while considering responses among Andalusians to these institutional measures.  Drawing upon ethnographic research conducted online and in Andalusia, the book examines critically the institutional development of flamenco, challenging a fixed reading of the relationship between flamenco and regionalism. The book offers alternative readings of regionalism, exploring the ways in which competing localisms and disputed identities contribute to a fresh understanding of the flamenco tradition. Matthew Machin-Autenrieth makes a significant contribution to flamenco scholarship in particular and to the study of music, regionalism and heritage in general"--Publisher's website.
=530  \\$aAlso available in print format.
=538  \\$aMode of access: World Wide Web.
=650  \0$aFlamenco music$zSpain$zAndalusia$xHistory and criticism.
=650  \0$aFlamenco$zSpain$zAndalusia$xHistory.
=650  \0$aFolk music$zSpain$zAndalusia$xHistory and criticism.
=650  \0$aMusic$xPolitical aspects$zSpain$zAndalusia.
=650  \0$aRegionalism in music.
=655  \7$aElectronic books.$2lcsh
=776  08$iPrint version: $z9781472480064(Hardback)$w 2016006820
=793  0\$aTaylor & Francis online monographs (UCSD)
=830  \0$aSOAS musicology series.
=856 40$zTaylor & Francis. Restricted to UCSD IP addresses.$uhttps://www.taylorfrancis.com/books/9781317134831

