=LDR  03324cam a2200553Ii 4500
=001  TF9781315770475
=003  FlBoTFG
=005  20180331111825.0
=006  m\\\\\o\\d\\\\\\\\
=007  cr\\\\\\\\\\\\
=008  180331s2015\\\\enkab\\\ob\\\\001\0\eng\d
=020  \\$a9781317672500 (e-book: PDF)$q(e-book : PDF)
=020  \\$z9781317672500$q(e-book: PDF)
=020  \\$z9781317672494$q(e-book: ePub)
=020  \\$z9781317672487$q(e-book: Mobi)
=020  \\$z9781138780798$q(hardback)
=020  \\$z9781138477094$q(paperback)
=020  \\$a9781315770475 (e-book)
=020  \\$a9781317672487 (e-book: Mobi)
=020  \\$a9781317672494 (e-book: ePub)
=020  \\$a9781138780798 (hardback)
=020  \\$a9781138477094 (paperback)
=024  7\$a10.4324/9781315770475 $2doi
=035  \\$a(OCoLC)958101409
=040  \\$aFlBoTFG$cFlBoTFG$erda$beng
=043  \\$aa-cc---
=050  \4$aHN740.X573$bI57 2015
=082  04$a306.09516$bI591
=245  00$aInside Xinjiang :$bspace, place and power in China's Muslim Far Northwest /$cedited by Anna Hayes and Michael Clarke.
=264  \1$aLondon ;$aNew York  :$bRoutledge,$c©2015.
=300  \\$a1 online resource (xx, 267 pages) :$billustrations, text file, PDF
=336  \\$atext$2rdacontent
=337  \\$acomputer$2rdamedia
=338  \\$aonline resource$2rdacarrier
=490  1\$aRoutledge contemporary China series ;$v137
=504  \\$aIncludes bibliographical references and index.
=505  0\$apt. 1. Identity formation and sense of belonging -- pt. 2. Inter-ethnic relations in Xinjiang -- pt. 3. Government policies in the region and beyond.
=520  \\$a"The Xinjiang Uyghur Autonomous Region is China's largest province, shares borders with Kazakhstan, Kyrgyzstan, Tajikistan, Afghanistan, Pakistan, Russia and Mongolia, and possesses a variety of natural resources, including oil. The tensions between ethnic Muslim Uyghurs and the growing number of Han Chinese in Xinjiang have recently increased, occasionally breaking out into violence. At the same time as being a potential troublespot for China, the province is of increasing strategic significance as China's gateway to Central Asia whose natural resources are of increasing importance to China. This book focuses in particular on what life is like in Xinjiang for the diverse population that lives there. It offers important insights into the social, economic and political terrains of Xinjiang, concentrating especially on how current trends in Xinjiang are likely to develop in the future. In doing so it provides a broader understanding of the region and its peoples"--$cProvided by publisher.
=530  \\$aAlso available in print format.
=650  \0$aUighur (Turkic people)$zChina$zXinjiang Uyghur.
=651  \0$aXinjiang Uygur Zizhiqu (China)$xEthnic relations.
=651  \0$aXinjiang Uygur Zizhiqu (China)$xSocial conditions.
=651  \0$aXinjiang Uygur Zizhiqu (China)$xSocial policy.
=655  \7$aElectronic books.$2lcsh
=700  1\$aClarke, Michael E.
=700  1\$aHayes, Anna,$d1977-
=776  08$iPrint version: $z9781138780798$q(Hardback)$w(DLC) 2015023432
=793  0\$aTaylor & Francis online monographs (UCSD)
=830  \0$aRoutledge contemporary China series ;$v137.
=856 40$zTaylor & Francis. Restricted to UCSD IP addresses.$uhttps://www.taylorfrancis.com/books/9781317672500

