=LDR  01945cam a2200493Ii 4500
=001  TF9781351859318
=003  FlBoTFG
=005  20180331102445.0
=006  m\\\\\o\\d\\\\\\\\
=007  cr\\\\\\\\\\\\
=008  180331s2018\\\\enk\\\\\ob\\\\001\0\eng\d
=020  \\$a9781351859318$q(e-book: PDF)
=020  \\$z9781315229515$q(e-book)
=020  \\$z9781351859295$q(e-book: Mobi)
=020  \\$z9781138713796$q(hardback)
=020  \\$z9781138713826$q(paperback)
=020  \\$a9781315229515 (e-book)
=020  \\$a9781351859295 (e-book: Mobi)
=020  \\$a9781138713796 (hardback)
=020  \\$a9781138713826 (paperback)
=024  7\$a10.4324/9781351859318 $2doi
=035  \\$a(OCoLC)1013990538
=040  \\$aDLC$beng$dFlBoTFG$erda$cDLC
=043  \\$an-us---
=050  \4$aHT243.U6$bJ87 2018
=082  04$a307.14160973$bJ961
=245  00$aJust green enough :$burban development and environmental gentrification /$cedited by Winifred Curran and Trina Hamilton.
=264  \1$aAbingdon, Oxon ;$aNew York, NY :$bRoutledge,$c©2018.
=300  \\$a1 online resource :$btext file, PDF
=336  \\$atext$2rdacontent
=337  \\$acomputer$2rdamedia
=338  \\$aonline resource$2rdacarrier
=490  0\$aRoutledge equity, justice and the sustainable city series
=504  \\$aIncludes bibliographical references and index.
=530  \\$aAlso available in print format.
=650  \0$aGentrification$xEnvironmental aspects$zUnited States.
=650  \0$aSocial justice$zUnited States.
=650  \0$aSustainable urban development$zUnited States.
=650  \0$aUrban policy$zUnited States.
=655  \7$aElectronic books.$2lcsh
=700  1\$aCurran, Winifred,$eeditor...
=700  1\$aHamilton, Trina,$eeditor...
=776  08$iPrint version: $z9781138713796(Hardback)$w 2017033211
=793  0\$aTaylor & Francis online monographs (UCSD)
=856 40$zTaylor & Francis. Restricted to UCSD IP addresses.$uhttps://www.taylorfrancis.com/books/9781351859318

