=LDR  02193cam a2200529Ii 4500
=001  TF9781315564319
=003  FlBoTFG
=005  20180331111825.0
=006  m\\\\\o\\d\\\\\\\\
=007  cr\\\\\\\\\\\\
=008  180331s2017\\\\enka\\\\ob\\\\001\0\eng\d
=020  \\$a9781317189428 (e-book: PDF)$q(e-book : PDF)
=020  \\$z9781317189428$q(e-book: PDF)
=020  \\$z9781317189411$q(e-book: ePub)
=020  \\$z9781317189404$q(e-book: Mobi)
=020  \\$z9781138953154$q(hardback)
=020  \\$z9781138953161$q(paperback)
=020  \\$a9781315564319 (e-book)
=020  \\$a9781317189404 (e-book: Mobi)
=020  \\$a9781317189411 (e-book: ePub)
=020  \\$a9781138953154 (hardback)
=020  \\$a9781138953161 (paperback)
=024  7\$a10.4324/9781315564319 $2doi
=035  \\$a(OCoLC)963309007
=040  \\$aFlBoTFG$cFlBoTFG$erda$beng
=050  \4$aRC537$b.G533 2017
=082  04$a616.8527$bG465
=100  1\$aGilbert, Paul,$d1951 June 20-,$eauthor.
=245  10$aDepression :$bthe evolution of powerlessness /$cPaul Gilbert.
=250  \\$aClassic edition.
=264  \1$aLondon ;$aNew York :$bRoutledge,$c©2017.
=300  \\$a1 online resource (xxi, 489 pages) :$billustrations, text file, PDF
=336  \\$atext$2rdacontent
=337  \\$acomputer$2rdamedia
=338  \\$aonline resource$2rdacarrier
=490  1\$aRoutledge mental health classic edition
=504  \\$aIncludes bibliographical references and indexes.
=505  0\$apt. 1. Types : history, diagnoses, epidemiology, and personality -- pt. 2. Concepts : the evolution of mental mechanisms and the needs for power, belonging, and self-value -- pt. 3. Past and current theories.
=530  \\$aAlso available in print format.
=650  \0$aControl (Psychology)
=650  \0$aDepression, Mental$xSocial aspects.
=650  \0$aDepression, Mental.
=650  \0$aPower (Social sciences)
=655  \7$aElectronic books.$2lcsh
=776  08$iPrint version: $z9781138953154(Hardback)$w 2016003344
=793  0\$aTaylor & Francis online monographs (UCSD)
=830  \0$aRoutledge mental health classic edition.
=856 40$zTaylor & Francis. Restricted to UCSD IP addresses.$uhttps://www.taylorfrancis.com/books/9781317189428

