=LDR  02382cam a2200481Ii 4500
=001  TF9781315646022
=003  FlBoTFG
=005  20180331111825.0
=006  m\\\\\o\\d\\\\\\\\
=007  cr\\\\\\\\\\\\
=008  180331s2016\\\\enk\\\\\ob\\\\001\0\eng\d
=020  \\$a9781317293774 (e-book: PDF)$q(e-book : PDF)
=020  \\$z9781317293774$q(e-book: PDF)
=020  \\$z9781317293767$q(e-book: ePub)
=020  \\$z9781317293750$q(e-book: Mobi)
=020  \\$z9781138183131$q(hardback)
=020  \\$a9781315646022 (e-book)
=020  \\$a9781317293750 (e-book: Mobi)
=020  \\$a9781317293767 (e-book: ePub)
=020  \\$a9781138183131 (hardback)
=024  7\$a10.4324/9781315646022 $2doi
=035  \\$a(OCoLC)951101357
=040  \\$aFlBoTFG$cFlBoTFG$erda$beng
=050  \4$aK3585$b.P53 2016
=082  04$a344.046$bP716
=100  1\$aPlatjouw, Froukje Maria.,$eauthor.
=245  10$aEnvironmental law and the ecosystem approach :$bmaintaining ecological integrity through consistency in law /$cFroukje Maria Platjouw.
=264  \1$aLondon ;$aNew York :$bRoutledge,$c©2016.
=300  \\$a1 online resource (xii, 220 pages) :$btext file, PDF
=336  \\$atext$2rdacontent
=337  \\$acomputer$2rdamedia
=338  \\$aonline resource$2rdacarrier
=490  1\$aRoutledge research in international environmental law
=504  \\$aIncludes bibliographical references and index.
=505  0\$a1. Introduction -- 2. The ecosystem approach : its understanding and legal development -- 3. Ecosystems as subjects of environmental law : their complexity and integrity -- 4. Ecosystem services valuation : usage and challenges -- 5. Fragmentation in environmental law -- 6. Administrative discretion in environmental law -- 7. An illustration of the problem : offshore petroleum exploitation in the North Sea ecosystem -- 8. Towards consistency, coherence and a stronger rule of law -- 9. Conclusion.
=530  \\$aAlso available in print format.
=650  \0$aEcology.
=650  \0$aEnvironmental law.
=650  \0$aEnvironmental management.
=655  \7$aElectronic books.$2lcsh
=776  08$iPrint version: $z9781138183131(Hardback)$w 2015046985
=793  0\$aTaylor & Francis online monographs (UCSD)
=830  \0$aRoutledge research in international environmental law.
=856 40$zTaylor & Francis. Restricted to UCSD IP addresses.$uhttps://www.taylorfrancis.com/books/9781317293774

