=LDR  02683cam a2200517Ii 4500
=001  TF9781315746241
=003  FlBoTFG
=005  20180331111825.0
=006  m\\\\\o\\d\\\\\\\\
=007  cr\\\\\\\\\\\\
=008  180331s2016\\\\nyu\\\\\ob\\\\001\0\eng\d
=020  \\$a9781317597759 (e-book: PDF)$q(e-book : PDF)
=020  \\$z9781317597759$q(e-book: PDF)
=020  \\$z9781317597742$q(e-book: ePub)
=020  \\$z9781317597735$q(e-book: Mobi)
=020  \\$z9781138816237$q(hardback)
=020  \\$z9780815381969$q(paperback)
=020  \\$a9781315746241 (e-book)
=020  \\$a9781317597735 (e-book: Mobi)
=020  \\$a9781317597742 (e-book: ePub)
=020  \\$a9781138816237 (hardback)
=020  \\$a9780815381969 (paperback)
=024  7\$a10.4324/9781315746241 $2doi
=035  \\$a(OCoLC)934433067
=040  \\$aFlBoTFG$cFlBoTFG$erda$beng
=050  \4$aLC212.9$b.M44 2016
=082  04$a370.81$bM141
=100  1\$aMcEntarfer, Heather Killelea.,$eauthor.
=245  10$aNavigating gender and sexuality in the classroom :$bnarrative insights from students and educators /$cby Heather Killelea McEntarfer.
=264  \1$aNew York ;$aLondon :$bRoutledge,$c©2016.
=300  \\$a1 online resource (xvi, 205 pages) :$btext file, PDF
=336  \\$atext$2rdacontent
=337  \\$acomputer$2rdamedia
=338  \\$aonline resource$2rdacarrier
=490  1\$aRoutledge research in teacher education ;$v6
=504  \\$aIncludes bibliographical references and index.
=505  0\$a1. Why this course? Why this book? -- 2. The course : transforming belief into action -- 3. "I thought of myself as neutral in some ways, and then them as other things" : recognizing and challenging heteronormativity -- 4. "It's hard to wrap your mind around" : teacher candidates' discourse concerning gender identity -- 5. "Perhaps i am not as open-minded as i thought" : religion and sexuality -- 6. "Knowing the unknowingness at the core of what we know" : queered teaching --7.  "Was I supposed to just continue with my lesson?" : working within and around constraints in schools and developing teacher agency -- 8. Conclusions.
=530  \\$aAlso available in print format.
=650  \0$aGender identity in education.
=650  \0$aHomosexuality and education.
=650  \0$aSex differences in education.
=650  \0$aTeachers$xTraining of$xSocial aspects.
=655  \7$aElectronic books.$2lcsh
=776  08$iPrint version: $z9781138816237$q(Hardback)$w(DLC) 2015034697
=793  0\$aTaylor & Francis online monographs (UCSD)
=830  \0$aRoutledge research in teacher education ;$v6.
=856 40$zTaylor & Francis. Restricted to UCSD IP addresses.$uhttps://www.taylorfrancis.com/books/9781317597759

