=LDR  02195cam a2200493Ii 4500
=001  TF9781315686011
=003  FlBoTFG
=005  20180331111825.0
=006  m\\\\\o\\d\\\\\\\\
=007  cr\\\\\\\\\\\\
=008  180331s2016\\\\enka\\\\ob\\\\001\0\eng\d
=020  \\$a9781317413875 (e-book: PDF)$q(e-book : PDF)
=020  \\$z9781317413875$q(e-book: PDF)
=020  \\$z9781317413868$q(e-book: ePub)
=020  \\$z9781317413851$q(e-book: Mobi)
=020  \\$z9780415820561$q(hardback)
=020  \\$a9781315686011 (e-book)
=020  \\$a9781317413851 (e-book: Mobi)
=020  \\$a9781317413868 (e-book: ePub)
=020  \\$a9780415820561 (hardback)
=020  \\$a9781138333734 (paperback)
=024  7\$a10.4324/9781315686011 $2doi
=035  \\$a(OCoLC)958108558
=040  \\$aFlBoTFG$cFlBoTFG$erda$beng
=043  \\$ae-fr---
=050  \4$aDC148$b.R68 2016
=082  04$a944.04$bR869
=245  04$aThe Routledge companion to the French Revolution in world history /$cedited by Alan Forrest and Matthias Middell.
=246  30$aCompanion to the French Revolution in world history
=264  \1$aLondon ;$aNew York :$bRoutledge,$c©2016.
=300  \\$a1 online resource (xiii, 349 pages) :$billustrations, text file, PDF
=336  \\$atext$2rdacontent
=337  \\$acomputer$2rdamedia
=338  \\$aonline resource$2rdacarrier
=504  \\$aIncludes bibliographical references and index.
=505  0\$aSection 1. Global repercussions of the French Revolution -- Section 2. Topics of a transnational history of the French Revolution : comparisons -- Section 3. Topics of a transnational history of the French Revolution : entanglements -- Section 4. Traditions of seeing and interpreting the French Revolution.
=530  \\$aAlso available in print format.
=650  \0$aRevolutions$xHistory.
=651  \0$aFrance$xHistory$yRevolution, 1789-1799$xInfluence.
=655  \7$aElectronic books.$2lcsh
=700  1\$aForrest, Alan I.
=700  1\$aMiddell, Matthias.
=776  08$iPrint version: $z9780415820561(Hardback)$w 2015010185
=793  0\$aTaylor & Francis online monographs (UCSD)
=856 40$zTaylor & Francis. Restricted to UCSD IP addresses.$uhttps://www.taylorfrancis.com/books/9781317413875

