=LDR  02120cam a2200529Ii 4500
=001  TF9781315734590
=003  FlBoTFG
=005  20180331111825.0
=006  m\\\\\o\\d\\\\\\\\
=007  cr\\\\\\\\\\\\
=008  180331s2016\\\\enka\\\\ob\\\\001\0\eng\d
=020  \\$a9781317561446 (e-book: PDF)$q(e-book : PDF)
=020  \\$z9781317561446$q(e-book: PDF)
=020  \\$z9781317561439$q(e-book: ePub)
=020  \\$z9781317561422$q(e-book: Mobi)
=020  \\$z9781138838161$q(hardback)
=020  \\$z9780815355892$q(paperback)
=020  \\$a9781315734590 (e-book)
=020  \\$a9781317561422 (e-book: Mobi)
=020  \\$a9781317561439 (e-book: ePub)
=020  \\$a9781138838161 (hardback)
=020  \\$a9780815355892 (paperback)
=024  7\$a10.4324/9781315734590 $2doi
=035  \\$a(OCoLC)948171247
=040  \\$aFlBoTFG$cFlBoTFG$erda$beng
=050  \4$aQC903$b.C865 2016
=082  04$a363.7387409$bC968
=245  02$aA cultural history of climate change /$cedited by Tom Bristow and Thomas H. Ford.
=264  \1$aLondon ;$aNew York :$bRoutledge,$c©2016.
=300  \\$a1 online resource (xix, 244 pages) :$billustrations, text file, PDF
=336  \\$atext$2rdacontent
=337  \\$acomputer$2rdamedia
=338  \\$aonline resource$2rdacarrier
=490  1\$aRoutledge environmental humanities
=504  \\$aIncludes bibliographical references and index.
=505  0\$apt. 1. Climates of history -- pt. 2. Climates of writing -- pt. 3. Climates of politics.
=530  \\$aAlso available in print format.
=650  \0$aAnthropology.
=650  \0$aClimatic changes$xHistory.
=650  \0$aClimatic changes$xSocial aspects.
=650  \0$aHuman ecology$xCross-cultural studies.
=655  \7$aElectronic books.$2lcsh
=700  1\$aBristow, Tom$c(Cultural historian)
=700  1\$aFord, Thomas H.$c(Literary historian)
=776  08$iPrint version: $z9781138838161$q(Hardback)$w(DLC) 2015045018
=793  0\$aTaylor & Francis online monographs (UCSD)
=830  \0$aRoutledge environmental humanities.
=856 40$zTaylor & Francis. Restricted to UCSD IP addresses.$uhttps://www.taylorfrancis.com/books/9781317561446

