=LDR  02706cam a2200493Ii 4500
=001  TF9781315696287
=003  FlBoTFG
=005  20180331111825.0
=006  m\\\\\o\\d\\\\\\\\
=007  cr\\\\\\\\\\\\
=008  180331s2016\\\\nyu\\\\\ob\\\\001\0\eng\d
=020  \\$a9781317445470 (e-book: PDF)$q(e-book : PDF)
=020  \\$z9781317445470$q(e-book: PDF)
=020  \\$z9781317445463$q(e-book: ePub)
=020  \\$z9781317445456$q(e-book: Mobi)
=020  \\$z9781138904521$q(hardback)
=020  \\$z9781138904538$q(paperback)
=020  \\$a9781315696287 (e-book)
=020  \\$a9781317445456 (e-book: Mobi)
=020  \\$a9781317445463 (e-book: ePub)
=020  \\$a9781138904521 (hardback)
=020  \\$a9781138904538 (paperback)
=024  7\$a10.4324/9781315696287 $2doi
=035  \\$a(OCoLC)948603909
=040  \\$aFlBoTFG$cFlBoTFG$erda$beng
=050  \4$aRC465$b.O83 2016
=082  04$a616.89$bO817
=100  1\$aOsborne, Randall E.,$eauthor.
=245  10$aCase analyses for abnormal psychology :$blearning to look beyond the symptoms /$cRandall E. Osborne, Joan Esterline Lafuze, and David Perkins.
=250  \\$aSecond edition.
=264  \1$aNew York :$bRoutledge,$c©2016.
=300  \\$a1 online resource (xiii, 222 pages) :$btext file, PDF
=336  \\$atext$2rdacontent
=337  \\$acomputer$2rdamedia
=338  \\$aonline resource$2rdacarrier
=504  \\$aIncludes bibliographical references (p. [215]-220) and index.
=505  0\$a1. Major perspectives and the assumptions each makes about human behavior -- 2. Case formulation interviews : the importance of critical thinking in the clinical process -- 3. Classification and diagnosis -- 4. The case of Ricky G : schizophrenia -- 5. The case of Barbara M : major depressive disorder -- 6. The case of Sally W : bipolar disorder -- 7. The case of Carl V : borderline personality disorder -- 8. The case of Margaret H : obsessive-compulsive disorder -- 9. The case of Jacob T : autism spectrum disorder -- 10. The case of Sarah O : bulimia nervosa -- 11. The case of Latisha Q : panic disorder -- 12. The case of Richard B : alcohol use disorder -- 13. The Case of Paula H : posttraumatic stress disorder -- 14. The case of Brighid C : dissociative identity disorder -- 15. Wrapping up the journey.
=530  \\$aAlso available in print format.
=650  \0$aPsychology, Pathological$vCase studies.
=655  \7$aElectronic books.$2lcsh
=700  1\$aLafuze, Joan.
=700  1\$aPerkins, David V.
=776  08$iPrint version: $z9781138904521$q(Hardback)$w(DLC) 2015042813
=793  0\$aTaylor & Francis online monographs (UCSD)
=856 40$zTaylor & Francis. Restricted to UCSD IP addresses.$uhttps://www.taylorfrancis.com/books/9781317445470

