=LDR  03530cam a2200553Ii 4500
=001  TF9781317110507
=003  FlBoTFG
=005  20180420170034.0
=006  m\\\\\o\\d\\\\\\\\
=007  cr\\\\\\\\\\\\
=008  180420s2017\\\\enk\\\\\ob\\\\001\0\eng\d
=020  \\$a9781317110507$q(e-book: PDF)
=020  \\$z9781315590615$q(e-book)
=020  \\$z9781317110484$q(e-book: Mobi)
=020  \\$z9781409463993$q(hardback)
=020  \\$a9781315590615 (e-book)
=020  \\$a9781317110484 (e-book: Mobi)
=020  \\$a9781409463993 (hardback)
=035  \\$a(OCoLC)965827961
=040  \\$aFlBoTFG$cFlBoTFG$erda
=041  1\$aeng$alat$hlat
=050  \4$aBT821.3$b.J64 2017
=082  04$a236.9$bJ651
=100  0\$aJohannes,$cde Rupescissa,$dapproximately 1300-approximately 1365,$eauthor.
=245  10$aJohn of Rupescissa's Vade mecum in tribulacione (1356) :$ba late medieval eschatological manual for the forthcoming thirteen years of horror and hardship /$c[edited by] Matthias Kaup.
=264  \1$aAbingdon, Oxon :$bRoutledge,$c©2017.
=300  \\$a1 online resource (xiv, 347 pages) :$btext file, PDF.
=336  \\$atext$2rdacontent
=337  \\$acomputer$2rdamedia
=338  \\$aonline resource$2rdacarrier
=490  1\$aChurch, faith and culture in the Medieval West
=500  \\$a"An annotated edition with an introduction of the full version of the Vade mecum in tribulacione, Europe's prophetical bestseller of the 14th Century, and of its most influential compendious version, the Veni mecum in tribulacione."
=504  \\$aIncludes bibliographical references and indexes.
=505  0\$aA. Introduction -- B. Ratio editionis -- C. Editions -- D. Concluding remarks.
=520  \\$a"John of Rupescissa's Vade mecum in tribulacione was meant as an eschatological manual for the thirteen catastrophic years between its composition in December 1356 and the thousand-year reign of Christ expected to begin in 1370. This manual was intended to give righteous Christians practical and spiritual advice on how to survive this period of tribulation. Matthias Kaup's study provides the first annotated critical edition equipped with an English translation. It inducts in the manual's contents, places them in the context of Rupescissa's work and medieval prophetic literature, investigates important aspects of its reception and clarifies the relationships between its different versions."--$cProvided by publisher.
=530  \\$aAlso available in print format.
=546  \\$aText in English and Latin. Translated from Latin.
=650  \0$aEnd of the world$xHistory of doctrines$yMiddle Ages, 600-1500.
=650  \0$aEschatology$vEarly works to 1800.
=650  \0$aApocalyptic literature$vEarly works to 1800.
=655  \7$aElectronic books.$2lcsh
=700  02$aJohannes,$cde Rupescissa,$dapproximately 1300-approximately 1365.$tVade mecum in tribulacione.
=700  02$aJohannes,$cde Rupescissa,$dapproximately 1300-approximately 1365.$tVade mecum in tribulacione.$lEnglish.
=700  02$aJohannes,$cde Rupescissa,$dapproximately 1300-approximately 1365.$tVeni mecum in tribulacione.
=700  02$aJohannes,$cde Rupescissa,$dapproximately 1300-approximately 1365.$tVeni mecum in tribulacione.$lEnglish.
=700  1\$aKaup, Matthias.
=776  08$iPrint version: $z9781409463993(Hardback)
=793  0\$aTaylor & Francis online monographs (UCSD)
=830  \0$aChurch, faith and culture in the Medieval West.
=856 40$zTaylor & Francis. Restricted to UCSD IP addresses.$uhttps://www.taylorfrancis.com/books/9781317110507

