=LDR  02090cam a2200505Ii 4500
=001  TF9781315757421
=003  FlBoTFG
=005  20180331111825.0
=006  m\\\\\o\\d\\\\\\\\
=007  cr\\\\\\\\\\\\
=008  180331s2016\\\\nyua\\\\ob\\\\001\0\eng\d
=020  \\$a9781317633136 (e-book: PDF)$q(e-book : PDF)
=020  \\$z9781317633136$q(e-book: PDF)
=020  \\$z9781317633129$q(e-book: ePub)
=020  \\$z9781317633112$q(e-book: Mobi)
=020  \\$z9781138797024$q(hardback)
=020  \\$z9781138797031$q(paperback)
=020  \\$a9781315757421 (e-book)
=020  \\$a9781317633112 (e-book: Mobi)
=020  \\$a9781317633129 (e-book: ePub)
=020  \\$a9781138797024 (hardback)
=020  \\$a9781138797031 (paperback)
=024  7\$a10.4324/9781315757421 $2doi
=035  \\$a(OCoLC)951624076
=040  \\$aFlBoTFG$cFlBoTFG$erda$beng
=050  \4$aQA278$b.B96 2016
=082  04$a519.535$bB995
=100  1\$aByrne, Barbara M.,$eauthor.
=245  10$aStructural equation modeling with Amos :$bbasic concepts, applications, and programming /$cBarbara M. Byrne.
=250  \\$aThird edition.
=264  \1$aNew York, N.Y. :$bRoutledge,$c©2016.
=300  \\$a1 online resource (xx, 437 pages) :$billustrations, text file, PDF
=336  \\$atext$2rdacontent
=337  \\$acomputer$2rdamedia
=338  \\$aonline resource$2rdacarrier
=490  1\$aMultivariate applications series
=504  \\$aIncludes bibliographical references and indexes.
=505  0\$asection 1. Introduction -- section 2. Single-group analyses -- section 3. Multiple-group analyses -- section 4. Other important applications -- section 5. Other important topics.
=530  \\$aAlso available in print format.
=630  00$aAMOS.
=650  \0$aStructural equation modeling.
=655  \7$aElectronic books.$2lcsh
=776  08$iPrint version: $z9781138797024$q(Hardback)$w(DLC) 2015043416
=793  0\$aTaylor & Francis online monographs (UCSD)
=830  \0$aMultivariate applications book series.
=856 40$zTaylor & Francis. Restricted to UCSD IP addresses.$uhttps://www.taylorfrancis.com/books/9781317633136

