=LDR  02839cam a2200493Ii 4500
=001  TF9781315276793
=003  FlBoTFG
=005  20180330125217.0
=006  m\\\\\o\\d\\\\\\\\
=007  cr\\\\\\\\\\\\
=008  180331s2017\\\\enkbc\\\ob\\\\011\0deng\d
=020  \\$a9781351997430 (e-book: PDF)$q(e-book : PDF)
=020  \\$z9781351997430$q(e-book: PDF)
=020  \\$z9781351997416$q(e-book: Mobi)
=020  \\$z9781138234833$q(hardback)
=020  \\$a9781315276793 (e-book)
=020  \\$a9781351997416 (e-book: Mobi)
=020  \\$a9781138234833 (hardback)
=024  7\$a10.4324/9781315276793 $2doi
=035  \\$a(OCoLC)970384356
=040  \\$aFlBoTFG$cFlBoTFG$erda$beng
=043  \\$aaz-----$aas-----
=050  \4$aDS341$b.N38 2017
=082  04$a320.954$bN277
=245  00$aNationalism and imperialism in South and Southeast Asia :$bessays presented to Damodar R. SarDesai /$cedited by Arnold P. Kaminsky, Roger D. Long.
=264  \1$aLondon ;$aNew York :$bRoutledge,$c©2017.
=300  \\$a1 online resource (366 pages) :$btext file, PDF
=336  \\$atext$btxt$2rdacontent
=337  \\$acomputer$bc$2rdamedia
=338  \\$aonline resource$bcr$2rdacarrier
=504  \\$aIncludes bibliographical references and index.
=505  0\$a1. Damodar SarDesai : past and present in South and Southeast Asian history / Roger D. Long -- 2. Multi-zonal integration and network relations at Vijayanagara / Nalini Rao -- 3. Famines of structural adjustment in Colonial India / Vasant Kaiwar -- 4. Charles Gordon and India / Marc Jason Gilbert -- 5. The modifern Tamil humanism and A. Madhaviah / Sita Anantha Raman -- 6. Capitalism, nationalism and industrialization in the age of imperialism : the case of G.D. Birla and the jute industry in Colonial India / Tara Sethia -- 7. The race of civilizations in the age of globalization : the Chindia problematic / Sucheta Mazumdar -- 8. 'Before the cock crows' : early stirrings of national awareness on the Malay Peninsula / Ingelise Lanman -- 9. Kinh and Highlandifer in the Vietnamese Revolution / Mark W. McLeod -- 10. Writing early Philippine history : the growing gulf / Damon Woods -- 11. Colonial crisis : how one American fought for the dignity of the Philippine highlandifers / Shelton Woods.
=530  \\$aAlso available in print format.
=600  10$aSarDesai, D. R.
=650  \0$aImperialism.
=650  \0$aNationalism$zSouth Asia.
=650  \0$aNationalism$zSoutheast Asia.
=651  \0$aSouth Asia$xPolitics and government.
=655  \7$aElectronic books.$2lcsh
=700  1\$aKaminsky, Arnold P.
=700  1\$aLong, Roger D.
=700  1\$aSarDesai, D. R.
=776  08$iPrint version: $z9781138234833$q(Hardback)
=793  0\$aTaylor & Francis online monographs (UCSD)
=856 40$zTaylor & Francis. Restricted to UCSD IP addresses.$uhttps://www.taylorfrancis.com/books/9781351997430

