=LDR  02785cam a2200457Ii 4500
=001  TF9781317480112
=003  FlBoTFG
=005  20180331111825.0
=006  m\\\\\o\\d\\\\\\\\
=007  cr\\\\\\\\\\\\
=008  180331s2017\\\\enka\\\\o\\\\\000\0\eng\d
=020  \\$a9781317480112$q(e-book: PDF)
=020  \\$z9781315707525$q(e-book)
=020  \\$z9781317480099$q(e-book: Mobi)
=020  \\$z9781138900011$q(hardback)
=020  \\$z9781138900004$q(paperback)
=020  \\$a9781315707525 (e-book)
=020  \\$a9781317480099 (e-book: Mobi)
=020  \\$a9781138900011 (hardback)
=020  \\$a9781138900004 (paperback)
=024  7\$a10.4324/9781315707525 $2doi
=035  \\$a(OCoLC)1002187332
=040  \\$aFlBoTFG$beng$erda$cFlBoTFG
=050  \4$aTK7881.8$b.R64 2017
=082  04$a621.3893$bR734
=100  1\$aRoginska, Agnieszka,$eauthor.
=245  10$aImmersive sound :$bthe art and science of binaural and multi-channel audio /$cAgnieszka Roginska.
=264  \1$aLondon :$bRoutledge,$c©2017.
=300  \\$a1 online resource (456 pages) :$btext file, PDF
=336  \\$atext$2rdacontent
=337  \\$acomputer$2rdamedia
=338  \\$aonline resource$2rdacarrier
=490  0\$aAudio Engineering Society Presents
=520  \\$a"Immersive Sound: The Art and Science of Binaural and Multi-Channel Audio" provides a comprehensive guide to multichannel sound. With contributions from leading recording engineers, researchers, and industry experts, Immersive Sound includes an in-depth description of the physics and psychoacoustics of spatial audio as well as practical applications. Chapters include the history of 3D sound, binaural reproduction over headphones and loudspeakers, stereo, surround sound, height channels, object-based audio, soundfield (ambisonics), wavefield synthesis, and multichannel mixing techniques. Knowledge of the development, theory, and practice of spatial and multichannel sound is essential to those advancing the research and applications in the rapidly evolving fields of 3D sound recording, augmented and virtual reality, gaming, film sound, music production and post-production. A companion website (www.routledge.com/cw/9781138900004) that contains audio examples, videos, animations, and additional material, is the perfect companion to this authoritative resource."--Provided by publisher.
=530  \\$aAlso available in print format.
=650  \0$aSound$xRecording and reproducing.
=650  \0$aStereophonic sound systems.
=655  \7$aElectronic books.$2lcsh
=700  1\$aGeluso, Paul,$eeditor...
=776  08$iPrint version: $z9781138900011$q(Hardback)$w(DLC) 2017016918
=793  0\$aTaylor & Francis online monographs (UCSD)
=856 40$zTaylor & Francis. Restricted to UCSD IP addresses.$uhttps://www.taylorfrancis.com/books/9781317480112

