=LDR  02015cam a2200481Ii 4500
=001  TF9781315682693
=003  FlBoTFG
=005  20180331111825.0
=006  m\\\\\o\\d\\\\\\\\
=007  cr\\\\\\\\\\\\
=008  180331s2016\\\\nyu\\\\\ob\\\\001\0deng\d
=020  \\$a9781317403944 (e-book: PDF)$q(e-book : PDF)
=020  \\$z9781317403944$q(e-book: PDF)
=020  \\$z9781317403937$q(e-book: ePub)
=020  \\$z9781317403920$q(e-book: Mobi)
=020  \\$z9781138927360$q(hardback)
=020  \\$a9781315682693 (e-book)
=020  \\$a9781317403920 (e-book: Mobi)
=020  \\$a9781317403937 (e-book: ePub)
=020  \\$a9781138927360 (hardback)
=024  7\$a10.4324/9781315682693 $2doi
=035  \\$a(OCoLC)934797153
=040  \\$aFlBoTFG$cFlBoTFG$erda$beng
=050  \4$aBR38$b.H44 2016
=082  04$a128.092$bH462
=245  00$aHegel's philosophical psychology /$cedited by Susanne Herrmann-Sinai and Lucia Ziglioli.
=264  \1$aNew York :$bRoutledge,$c©2016.
=300  \\$a1 online resource (xix, 285 pages) :$btext file, PDF
=336  \\$atext$2rdacontent
=337  \\$acomputer$2rdamedia
=338  \\$aonline resource$2rdacarrier
=490  1\$aRoutledge studies in nineteenth-century philosophy ;$v10
=504  \\$aIncludes bibliographical references and index.
=505  0\$apt. 1. Philosophy of subjective spirit -- pt. 2. Theoretical spirit -- pt. 3. Practical and free spirit -- pt. 4. The challenge of Hegel's philosophical psychology.
=530  \\$aAlso available in print format.
=600  10$aHegel, Georg Wilhelm Friedrich,$d1770-1831.
=650  \0$aPsychology$xPhilosophy.
=655  \7$aElectronic books.$2lcsh
=700  1\$aHerrmann-Sinai, Susanne.
=700  1\$aZiglioli, Lucia.
=776  08$iPrint version: $z9781138927360(Hardback)$w 2015046257
=793  0\$aTaylor & Francis online monographs (UCSD)
=830  \0$aRoutledge studies in nineteenth-century philosophy ;$v10.
=856 40$zTaylor & Francis. Restricted to UCSD IP addresses.$uhttps://www.taylorfrancis.com/books/9781317403944

