=LDR  02574cam a2200541Ii 4500
=001  TF9781315536835
=003  FlBoTFG
=005  20180331111825.0
=006  m\\\\\o\\d\\\\\\\\
=007  cr\\\\\\\\\\\\
=008  180331s2017\\\\nyu\\\\\ob\\\\001\0\eng\d
=020  \\$a9781134996261 (e-book: PDF)$q(e-book : PDF)
=020  \\$z9781134996261$q(e-book: PDF)
=020  \\$z9781134996407$q(e-book: Mobi)
=020  \\$z9781138690639$q(hardback)
=020  \\$a9781315536835 (e-book)
=020  \\$a9781134996407 (e-book: Mobi)
=020  \\$a9781138690639 (hardback)
=020  \\$a9781138329720 (paperback)
=024  7\$a10.4324/9781315536835 $2doi
=035  \\$a(OCoLC)953387268
=040  \\$aFlBoTFG$cFlBoTFG$erda$beng
=043  \\$ae------$ae-fr---$ae-gw---$ae-it---
=050  \4$aJN12
=082  04$a320.9409044$bC796
=100  1\$aCorduwener, Pepijn.,$eauthor.
=245  14$aThe problem of democracy in postwar Europe :$bpolitical actors and the formation of the postwar model of democracy in France, West Germany, and Italy /$cPepijn Corduwener.
=264  \1$aNew York :$bRoutledge,$c©2017.
=300  \\$a1 online resource (xii, 199 pages) :$btext file, PDF
=336  \\$atext$2rdacontent
=337  \\$acomputer$2rdamedia
=338  \\$aonline resource$2rdacarrier
=490  1\$aRoutledge studies in modern European history ;$v33
=504  \\$aIncludes bibliographical references and index.
=505  0\$a1. Transforming democracy after the Second World War -- 2. Contesting democratic legitimacy during the Cold War -- 3. Converging conceptions of democracy at the turn of the 1960s -- 4. Political elites and the challenge to the parliamentary model -- 5. Democracy between crisis and consensus after the 1973 oil crisis.
=530  \\$aAlso available in print format.
=650  \0$aDemocracy$zEurope$xHistory$y20th century.
=650  \0$aDemocracy$zFrance$xHistory$y20th century.
=650  \0$aDemocracy$zGermany (West)$xHistory.
=650  \0$aDemocracy$zItaly$xHistory$y20th century.
=650  \0$aGermany (West)$xPolitics and government$y1945-1990.
=651  \0$aEurope$xPolitics and government$y1945-1989.
=651  \0$aFrance$xPolitics and government$y1945-
=651  \0$aItaly$xPolitics and government$y1945-1976.
=655  \7$aElectronic books.$2lcsh
=776  08$iPrint version: $z9781138690639(Hardback)$w 2016019400
=793  0\$aTaylor & Francis online monographs (UCSD)
=830  \0$aRoutledge studies in modern European history ;$v33.
=856 40$zTaylor & Francis. Restricted to UCSD IP addresses.$uhttps://www.taylorfrancis.com/books/9781134996261

