=LDR  02206cam a2200505Ii 4500
=001  TF9781315731728
=003  FlBoTFG
=005  20180331111825.0
=006  m\\\\\o\\d\\\\\\\\
=007  cr\\\\\\\\\\\\
=008  180331s2016\\\\enka\\\\o\\\\\001\0\eng\d
=020  \\$a9781317552840 (e-book: PDF)$q(e-book : PDF)
=020  \\$z9781317552840$q(e-book: PDF)
=020  \\$z9781317552833$q(e-book: ePub)
=020  \\$z9781317552826$q(e-book: Mobi)
=020  \\$z9781138457843$q(hardback)
=020  \\$z9781138842236$q(paperback)
=020  \\$a9781315731728 (e-book)
=020  \\$a9781317552826 (e-book: Mobi)
=020  \\$a9781317552833 (e-book: ePub)
=020  \\$a9781138457843 (hardback)
=020  \\$a9781138842236 (paperback)
=024  7\$a10.4324/9781315731728 $2doi
=035  \\$a(OCoLC)1000441476
=040  \\$aFlBoTFG$cFlBoTFG$erda$beng
=050  \4$aTR149$b.L35 2016
=082  04$a770$bL278
=100  1\$aLangford, Michael,$d1933-,$eauthor.
=240  10$aStarting photography
=245  10$aLangford's starting photography :$bthe guide to creating great images /$cMichael Langford, Philip Andrews.
=246  30$aStarting photography
=250  \\$aSeventh edition.
=264  \1$aLondon ;$aNew York :$bRoutledge,$c©2016.
=300  \\$a1 online resource (viii, 360 pages) :$billustrations, text file, PDF
=336  \\$atext$2rdacontent
=337  \\$acomputer$2rdamedia
=338  \\$aonline resource$2rdacarrier
=500  \\$aIncludes index.
=505  0\$apt. 1. Picture making -- pt. 2. Camera, sensors and film -- pt. 3. Creative use of camera controls -- pt. 4. Tackling different photographic subjects -- pt. 5. Controlling light -- pt. 6. Photographic workflow -- pt. 7. Digital processing and printing -- pt. 8. Experimental and constructed images -- pt. 9. Presenting and assessing your work -- pt. 10. Troubleshooting.
=530  \\$aAlso available in print format.
=650  \0$aPhotography.
=655  \7$aElectronic books.$2lcsh
=700  1\$aAndrews, Philip.
=776  08$iPrint version: $z9781138457843$q(Hardback)
=793  0\$aTaylor & Francis online monographs (UCSD)
=856 40$zTaylor & Francis. Restricted to UCSD IP addresses.$uhttps://www.taylorfrancis.com/books/9781317552840

