=LDR  02397cam a2200517Ii 4500
=001  TF9781315669489
=003  FlBoTFG
=005  20180331111825.0
=006  m\\\\\o\\d\\\\\\\\
=007  cr\\\\\\\\\\\\
=008  180331s2017\\\\nyu\\\\\ob\\\\001\0\eng\d
=020  \\$a9781317364252 (e-book: PDF)$q(e-book : PDF)
=020  \\$z9781317364252$q(e-book: PDF)
=020  \\$z9781317364238$q(e-book: Mobi)
=020  \\$z9781138948730$q(hardback)
=020  \\$z9781138948747$q(paperback)
=020  \\$a9781315669489 (e-book)
=020  \\$a9781317364238 (e-book: Mobi)
=020  \\$a9781138948730 (hardback)
=020  \\$a9781138948747 (paperback)
=024  7\$a10.4324/9781315669489 $2doi
=035  \\$a(OCoLC)960895830
=040  \\$aFlBoTFG$cFlBoTFG$erda$beng
=043  \\$an-cn---
=050  \4$aHV4013.C2$bB36 2017
=082  04$a362.899120882970971$bB221
=100  1\$aBaobaid, Mohammed.,$eauthor.
=245  10$aEnhancing culturally integrative family safety response in Muslim communities /$cMohammed Baobaid and Lynda M. Ashbourne.
=264  \1$aNew York, N.Y. :$bRoutledge,$c©2017.
=300  \\$a1 online resource (119 pages) :$btext file, PDF
=336  \\$atext$2rdacontent
=337  \\$acomputer$2rdamedia
=338  \\$aonline resource$2rdacarrier
=504  \\$aIncludes bibliographical references and index.
=505  0\$a1. Introduction -- 2. The culturally integrative family safety response model -- 3. Building connections : training, capacity building, and prevention -- 4. Early intervention -- 5. Engaging with complex, high-risk situations and broader systems -- 6. Culturally informed models of responses to family violence in collectivist communities -- 7. Training implications -- 8. What we've learned and future directions.
=530  \\$aAlso available in print format.
=650  \0$aFamily services$zCanada.
=650  \0$aFamily social work$zCanada.
=650  \0$aImmigrant families$xServices for$zCanada.
=650  \0$aMuslim families$xServices for$zCanada.
=650  \0$aSocial work with immigrants$zCanada.
=650  \0$aSocial work with minorities$zCanada.
=655  \7$aElectronic books.$2lcsh
=700  1\$aAshbourne, Lynda M.
=776  08$iPrint version: $z9781138948730(Hardback)$w 2016019562
=793  0\$aTaylor & Francis online monographs (UCSD)
=856 40$zTaylor & Francis. Restricted to UCSD IP addresses.$uhttps://www.taylorfrancis.com/books/9781317364252

