=LDR  02303cam a2200505Ii 4500
=001  TF9781315731643
=003  FlBoTFG
=005  20180331111825.0
=006  m\\\\\o\\d\\\\\\\\
=007  cr\\\\\\\\\\\\
=008  180331s2016\\\\nyua\\\\ob\\\\001\0\eng\d
=020  \\$a9781317552604 (e-book: PDF)$q(e-book : PDF)
=020  \\$z9781317552604$q(e-book: PDF)
=020  \\$z9781317552598$q(e-book: ePub)
=020  \\$z9781317552581$q(e-book: Mobi)
=020  \\$z9781138842342$q(hardback)
=020  \\$a9781315731643 (e-book)
=020  \\$a9781317552581 (e-book: Mobi)
=020  \\$a9781317552598 (e-book: ePub)
=020  \\$a9781138842342 (hardback)
=024  7\$a10.4324/9781315731643 $2doi
=035  \\$a(OCoLC)950459676
=040  \\$aFlBoTFG$cFlBoTFG$erda$beng
=050  \4$aP120.R32$bB75 2016
=082  04$a410.188$bB858
=100  1\$aBrindle, Andrew,$d1966-,$eauthor.
=245  14$aThe language of hate :$ba corpus linguistic analysis of white supremacist language /$cAndrew Brindle.
=264  \1$aNew York ;$aLondon :$bRoutledge,$c©2016.
=300  \\$a1 online resource (viii, 225 pages) :$billustrations, text file, PDF
=336  \\$atext$2rdacontent
=337  \\$acomputer$2rdamedia
=338  \\$aonline resource$2rdacarrier
=490  1\$aRoutledge advances in corpus linguistics ;$v18
=504  \\$aIncludes bibliographical references and index.
=505  0\$a1. Introduction -- 2. Setting the scene : what we already know -- 3. Approaching the problem : studying hate on the internet -- 4. Extremist language : the rhetorical strategies of stormfront contributors -- 5. Digging deeper : two case studies -- 6. Interface : combining critical discourse analysis and corpus linguistics -- 7. Conclusion.
=530  \\$aAlso available in print format.
=650  \0$aHate speech$xSocial aspects.
=650  \0$aPrejudices$xSocial aspects.
=650  \0$aRacism in language.
=650  \0$aWhite supremacy movements.
=650  \0$aWhite$xRace identity.
=655  \7$aElectronic books.$2lcsh
=776  08$iPrint version: $z9781138842342$q(Hardback)$w(DLC) 2016002018
=793  0\$aTaylor & Francis online monographs (UCSD)
=830  \0$aRoutledge advances in corpus linguistics ;$v18.
=856 40$zTaylor & Francis. Restricted to UCSD IP addresses.$uhttps://www.taylorfrancis.com/books/9781317552604

