=LDR  01991cam a2200469Ii 4500
=001  TF9781315691794
=003  FlBoTFG
=005  20180331111825.0
=006  m\\\\\o\\d\\\\\\\\
=007  cr\\\\\\\\\\\\
=008  180331s2016\\\\enk\\\\\ob\\\\001\0\eng\d
=020  \\$a9781317431190 (e-book: PDF)$q(e-book : PDF)
=020  \\$z9781317431190$q(e-book: PDF)
=020  \\$z9781317431176$q(e-book: Mobi)
=020  \\$z9781138912786$q(hardback)
=020  \\$a9781315691794 (e-book)
=020  \\$a9781317431176 (e-book: Mobi)
=020  \\$a9781138912786 (hardback)
=024  7\$a10.4324/9781315691794 $2doi
=035  \\$a(OCoLC)958780265
=040  \\$aFlBoTFG$cFlBoTFG$erda$beng
=050  \4$aHV40$b.T73 2016
=082  04$a361$bT772
=245  00$aTransnational social work and social welfare :$bchallenges for the social work profession /$cedited by Beatrix Schwarzer, Ursula Kammerer-Rutten, Alexandra Schleyer-Lindenmann and Yafang Wang.
=264  \1$aAbingdon, Oxon ;$aNew York, N.Y. :$bRoutledge,$c©2016.
=300  \\$a1 online resource (xxxv, 270 pages) :$btext file, PDF
=336  \\$atext$2rdacontent
=337  \\$acomputer$2rdamedia
=338  \\$aonline resource$2rdacarrier
=490  1\$aRoutledge advances in social work
=504  \\$aIncludes bibliographical references and index.
=505  0\$apt. I. Theoretical perspectives -- pt. II. Country profiles -- pt. III. Case studies -- pt. IV. Last thoughts : an yet another perspective.
=530  \\$aAlso available in print format.
=650  \0$aSocial service.
=655  \7$aElectronic books.$2lcsh
=700  1\$aKammerer-Rutten, Ursula.
=700  1\$aSchleyer-Lindenmann, Alexandra.
=700  1\$aSchwarzer, Beatrix.
=700  1\$aWang, Yafang.
=776  08$iPrint version: $z9781138912786(Hardback)$w 2016008814
=793  0\$aTaylor & Francis online monographs (UCSD)
=830  \0$aRoutledge advances in social work.
=856 40$zTaylor & Francis. Restricted to UCSD IP addresses.$uhttps://www.taylorfrancis.com/books/9781317431190

