=LDR  02856cam a2200553Ii 4500
=001  TF9781315627588
=003  FlBoTFG
=005  20180331102445.0
=006  m\\\\\o\\d\\\\\\\\
=007  cr\\\\\\\\\\\\
=008  180331s2017\\\\enk\\\\\ob\\\\001\0\eng\d
=020  \\$a9781317238478 (e-book: PDF)$q(e-book : PDF)
=020  \\$z9781317238478$q(e-book: PDF)
=020  \\$z9781317238461$q(e-book: ePub)
=020  \\$z9781317238454$q(e-book: Mobi)
=020  \\$z9781138646384$q(hardback)
=020  \\$z9781138580695$q(paperback)
=020  \\$a9781315627588 (e-book)
=020  \\$a9781317238454 (e-book: Mobi)
=020  \\$a9781317238461 (e-book: ePub)
=020  \\$a9781138646384 (hardback)
=020  \\$a9781138580695 (paperback)
=024  7\$a10.4324/9781315627588 $2doi
=035  \\$a(OCoLC)953054087
=040  \\$aFlBoTFG$cFlBoTFG$erda$beng
=043  \\$aa-cc-ts
=050  \4$aBP63.C52$bQ2578 2017
=082  04$a297.095147$bS849
=100  1\$aStewart, Alexander Blair.,$eauthor.
=245  10$aChinese Muslims and the global Ummah :$bIslamic revival and ethnic identity among the Hui of Qinghai Province /$cAlexander Blair Stewart.
=264  \1$aLondon ;$aNew York :$bRoutledge,$c©2017.
=300  \\$a1 online resource :$btext file, PDF
=336  \\$atext$2rdacontent
=337  \\$acomputer$2rdamedia
=338  \\$aonline resource$2rdacarrier
=490  1\$aRoutledge contemporary China series ;$v152
=504  \\$aIncludes bibliographical references (p. 207-212) and index.
=505  0\$a1. Xining's Islamic landscape -- 2. Old teaching, new teaching : a historical overview of Islam in China -- 3. Huizu learning to be Muslim : reaffirming and redefining modern Islamic identity -- 4. Rectification of names : imams, mosques, sects, boundaries -- 5. Performing the path of the sahaba : walking with Tabligh Jama'at -- 6. Paths to Islam and Salafiyya : harnessing the transnational to empower the individual -- 7. Secular nation/imaginary ummah : Chinese Muslims in the national public sphere and transnational imaginary -- 8. An ummah of individuals.
=530  \\$aAlso available in print format.
=538  \\$aMode of access: World Wide Web.
=650  \0$aHui (Chinese people)$xReligious life$zChina$zQinghai Sheng.
=650  \0$aHui (Chinese people)$zChina$zQinghai Sheng$xSocial conditions$y21st century.
=650  \0$aIslamic renewal$zChina$zQinghai Sheng$xHistory$y21st century.
=650  \0$aUmmah (Islam)$zChina$zQinghai Sheng.
=651  \0$aQinghai Sheng (China)$xSocial conditions$y21st century.
=655  \7$aElectronic books.$2lcsh
=776  08$iPrint version: $z9781138646384(Hardback)$w 2016000877
=793  0\$aTaylor & Francis online monographs (UCSD)
=830  \0$aRoutledge contemporary China series ;$v152.
=856 40$zTaylor & Francis. Restricted to UCSD IP addresses.$uhttps://www.taylorfrancis.com/books/9781317238478

