=LDR  02447cam a2200493Ii 4500
=001  TF9781315817408
=003  FlBoTFG
=005  20180331111825.0
=006  m\\\\\o\\d\\\\\\\\
=007  cr\\\\\\\\\\\\
=008  180331s2016\\\\nyua\\\\ob\\\\001\0\eng\d
=020  \\$a9781317813538 (e-book: PDF)$q(e-book : PDF)
=020  \\$z9781317813538$q(e-book: PDF)
=020  \\$z9781317813521$q(e-book: ePub)
=020  \\$z9781317813514$q(e-book: Mobi)
=020  \\$z9780415738378$q(hardback)
=020  \\$z9780415738385$q(paperback)
=020  \\$a9781315817408 (e-book)
=020  \\$a9781317813514 (e-book: Mobi)
=020  \\$a9781317813521 (e-book: ePub)
=020  \\$a9780415738378 (hardback)
=020  \\$a9780415738385 (paperback)
=024  7\$a10.4324/9781315817408 $2doi
=035  \\$a(OCoLC)958098535
=040  \\$aFlBoTFG$cFlBoTFG$erda$beng
=050  \4$aRC548$b.C363 2016
=082  04$a616.849820651$bC289
=100  1\$aCarney, Colleen.,$eauthor.
=245  10$aCognitive behavior therapy for insomnia in those with depression :$ba guide for clinicians /$cColleen E. Carney and Donn Posner.
=264  \1$aNew York :$bRoutledge,$c©2016.
=300  \\$a1 online resource (viii, 226 pages) :$billustrations, text file, PDF
=336  \\$atext$2rdacontent
=337  \\$acomputer$2rdamedia
=338  \\$aonline resource$2rdacarrier
=504  \\$aIncludes bibliographical references (p. [203]-224) and index.
=505  0\$a1. Depression and insomnia : an overview -- 2. Non-psychological treatments for those with insomnia and depression -- 3. Cognitive behavior therapy for insomnia (CBT-I) : treatment considerations -- 4. Assessment of insomnia in those with depression -- 5. Behavioral strategies for insomnia -- 6. Cognitive factors and treatment -- 7. Encouraging adherence and troubleshooting potential barriers -- 8. Rumination strategies for insomnia -- 9. Combining depression and insomnia therapies -- 10. Case study.
=530  \\$aAlso available in print format.
=650  \0$aCognitive therapy$vPopular works.
=650  \0$aDepression, Mental$xComplications$vPopular works.
=650  \0$aInsomnia$xTreatment$vPopular works.
=655  \7$aElectronic books.$2lcsh
=700  1\$aPosner, Donn.
=776  08$iPrint version: $z9780415738378$q(Hardback)$w(DLC) 2015016125
=793  0\$aTaylor & Francis online monographs (UCSD)
=856 40$zTaylor & Francis. Restricted to UCSD IP addresses.$uhttps://www.taylorfrancis.com/books/9781317813538

