=LDR  02311cam a2200469Ii 4500
=001  TF9781315267531
=003  FlBoTFG
=005  20180330125217.0
=006  m\\\\\o\\d\\\\\\\\
=007  cr\\\\\\\\\\\\
=008  180331s2017\\\\nyua\\\\ob\\\\001\0\eng\d
=020  \\$a9781351973359 (e-book: PDF)$q(e-book : PDF)
=020  \\$z9781351973359$q(e-book: PDF)
=020  \\$z9781351973335$q(e-book: Mobi)
=020  \\$z9781138288959$q(hardback)
=020  \\$a9781315267531 (e-book)
=020  \\$a9781351973335 (e-book: Mobi)
=020  \\$a9781138288959 (hardback)
=024  7\$a10.4324/9781315267531 $2doi
=035  \\$a(OCoLC)976434700
=040  \\$aFlBoTFG$cFlBoTFG$erda$beng
=043  \\$an-us---
=050  \4$aHV9104$b.P43 2017
=082  04$a365.6610973$bP358
=100  1\$aPealer, Jennifer A.,$eauthor.
=245  10$aCorrectional rehabilitation and therapeutic communities :$breducing recidivism through behavior change /$cJennifer A. Pealer.
=264  \1$aNew York :$bRoutledge,$c©2017.
=300  \\$a1 online resource (viii, 177 pages) :$billustrations, text file, PDF
=336  \\$atext$btxt$2rdacontent
=337  \\$acomputer$bc$2rdamedia
=338  \\$aonline resource$bcr$2rdacarrier
=490  0\$aRoutledge innovations in corrections ;$v3
=504  \\$aIncludes bibliographical references and index.
=505  0\$a1. The "just say no" war on drugs campaign, juvenile drug use, and the juvenile crime problem -- 2. From rehabilitation to punitive measures : combatting juvenile crime and drug use -- 3. How were treatment effectiveness and fidelity measured for the evaluation of the juvenile therapeutic community? -- 4. Did participation in the therapeutic community affect outcomes? -- 5. What it all means : summary and conclusions.
=530  \\$aAlso available in print edition.
=650  \0$aJuvenile delinquents$xBehavior modification$zUnited States.
=650  \0$aJuvenile delinquents$xDrug use$zUnited States.
=650  \0$aJuvenile delinquents$xRehabilitation$zUnited States.
=650  \0$aRecidivism$zUnited States.
=655  \7$aElectronic books.$2lcsh
=776  08$iPrint version: $z9781138288959(Hardback)$w 2016045282
=793  0\$aTaylor & Francis online monographs (UCSD)
=856 40$zTaylor & Francis. Restricted to UCSD IP addresses.$uhttps://www.taylorfrancis.com/books/9781351973359

