=LDR  02159cam a2200517Ii 4500
=001  TF9781315638027
=003  FlBoTFG
=005  20180331111825.0
=006  m\\\\\o\\d\\\\\\\\
=007  cr\\\\\\\\\\\\
=008  180331s2016\\\\enka\\\\ob\\\\001\0\eng\d
=020  \\$a9781317269793 (e-book: PDF)$q(e-book : PDF)
=020  \\$z9781317269793$q(e-book: PDF)
=020  \\$z9781317269786$q(e-book: ePub)
=020  \\$z9781317269779$q(e-book: Mobi)
=020  \\$z9780415639231$q(hardback)
=020  \\$z9780415639262$q(paperback)
=020  \\$a9781315638027 (e-book)
=020  \\$a9781317269779 (e-book: Mobi)
=020  \\$a9781317269786 (e-book: ePub)
=020  \\$a9780415639231 (hardback)
=020  \\$a9780415639262 (paperback)
=024  7\$a10.4324/9781315638027 $2doi
=035  \\$a(OCoLC)958107383
=040  \\$aFlBoTFG$cFlBoTFG$erda$beng
=050  \4$aP299.M6$bJ49 2016
=082  04$a415$bJ596
=100  1\$aJewitt, Carey.,$eauthor.
=245  10$aIntroducing multimodality /$cCarey Jewitt, Jeff Bezemer and Kay O'Halloran.
=264  \1$aLondon ;$aNew York :$bRoutledge,$c©2016.
=300  \\$a1 online resource (xi, 219 pages) :$billustrations, text file, PDF
=336  \\$atext$2rdacontent
=337  \\$acomputer$2rdamedia
=338  \\$aonline resource$2rdacarrier
=504  \\$aIncludes bibliographical references and index.
=505  0\$ach. 1. Navigating a diverse field -- ch. 2. Why engage with multimodality? -- ch. 3. Systemic functional linguistics -- ch. 4. Social semiotics -- ch. 5. Conversation analysis -- ch. 6. Five more approaches to multimodality -- ch. 7. Designing a multimodal study.
=530  \\$aAlso available in print format.
=650  \0$aCognitive grammar.
=650  \0$aDiscourse analysis.
=650  \0$aModality (Linguistics)
=650  \0$aPsycholinguistics.
=655  \7$aElectronic books.$2lcsh
=700  1\$aBezemer, Josephus Johannes,$d1976-
=700  1\$aO'Halloran, Kay L.
=776  08$iPrint version: $z9780415639231(Hardback)$w 2015039260
=793  0\$aTaylor & Francis online monographs (UCSD)
=856 40$zTaylor & Francis. Restricted to UCSD IP addresses.$uhttps://www.taylorfrancis.com/books/9781317269793

