=LDR  01937cam a2200481Ii 4500
=001  TF9781315208879
=003  FlBoTFG
=005  20180331102445.0
=006  m\\\\\o\\d\\\\\\\\
=007  cr\\\\\\\\\\\\
=008  180331s2017\\\\enkabeg\ob\\\\001\0\eng\d
=020  \\$a9781351804967 (e-book: PDF)$q(e-book : PDF)
=020  \\$z9781351804967$q(e-book: PDF)
=020  \\$z9781351804943$q(e-book: Mobi)
=020  \\$z9781138694422$q(hardback)
=020  \\$z9781472479389$q(paperback)
=020  \\$a9781315208879 (e-book)
=020  \\$a9781351804943 (e-book: Mobi)
=020  \\$a9781138694422 (hardback)
=020  \\$a9781472479389 (paperback)
=024  7\$a10.4324/9781315208879 $2doi
=035  \\$a(OCoLC)995579008
=040  \\$aFlBoTFG$cFlBoTFG$erda$beng
=050  \4$aML3877$bB83 2017
=082  04$a781.53$bB922
=100  1\$aBuck, David N.,$eauthor.
=245  12$aA musicology for landscape /$cDavid Nicholas Buck.
=264  \1$aLondon ;$aNew York :$bRoutledge,$c©2017.
=300  \\$a1 online resource (203 pages) :$billustrations, text file, PDF
=336  \\$atext$2rdacontent
=337  \\$acomputer$2rdamedia
=338  \\$aonline resource$2rdacarrier
=490  1\$aDesign research in architecture
=504  \\$aIncludes bibliographical references and index.
=505  0\$a1. In an open field -- 2. A parallel history of time in music and landscape -- 3. Horizons -- 4. Clouds -- 5. Meadows -- 6. Busoni's garden.
=530  \\$aAlso available in print edition.
=538  \\$aMode of access: World Wide Web.
=650  \0$aLandscape architecture.
=650  \0$aMusic$y20th century$xPhilosophy and aesthetics.
=655  \7$aElectronic books.$2lcsh
=776  08$iPrint version: $z9781138694422(Hardback)$w 2016049110
=793  0\$aTaylor & Francis online monographs (UCSD)
=830  \0$aDesign research in architecture.
=856 40$zTaylor & Francis. Restricted to UCSD IP addresses.$uhttps://www.taylorfrancis.com/books/9781351804967

