=LDR  02650cam a2200505Ii 4500
=001  TF9781315568188
=003  FlBoTFG
=005  20180331102445.0
=006  m\\\\\o\\d\\\\\\\\
=007  cr\\\\\\\\\\\\
=008  180331r20162012enk\\\\\ob\\\\001\0\eng\d
=020  \\$a9781317177791 (e-book: PDF)$q(e-book : PDF)
=020  \\$z9781317177791$q(e-book: PDF)
=020  \\$z9781317177784$q(e-book: ePub)
=020  \\$z9781317177777$q(e-book: Mobi)
=020  \\$z9781409435143$q(hardback)
=020  \\$z9781138261624$q(paperback)
=020  \\$a9781315568188 (e-book)
=020  \\$a9781317177777 (e-book: Mobi)
=020  \\$a9781317177784 (e-book: ePub)
=020  \\$a9781409435143 (hardback)
=020  \\$a9781138261624 (paperback)
=024  7\$a10.4324/9781315568188 $2doi
=035  \\$a(OCoLC)950471484
=040  \\$aFlBoTFG$cFlBoTFG$erda$beng
=050  \4$aBF1729.R4$bC367 2016
=082  04$a133.5$bC196
=100  1\$aCampion, Nicholas.,$eauthor.
=245  10$aAstrology and popular religion in the modern West :$bprophecy, cosmology, and the New Age movement /$cNicholas Campion.
=264  \1$aLondon ;$aNew York :$bRoutledge,$c©2016.
=300  \\$a1 online resource :$btext file, PDF
=336  \\$atext$2rdacontent
=337  \\$acomputer$2rdamedia
=338  \\$aonline resource$2rdacarrier
=500  \\$a"First published 2012 by Ashgate Publishing"--t.p. verso.
=504  \\$aIncludes bibliographical references and index.
=505  0\$a1. Introduction : a million-dollar business? -- 2. Cosmic liberation : the pursuit of the millennium -- 3. The shock of the new : the Age of Aquarius -- 4. Celestial enlightenment : the New Age -- 5. End times : the New Age and the Age of Aquarius -- 6. The writing of heaven : New Age astrology -- 7. Oracles to the vulgar : sun-sign astrology -- 8. An evolutionary paradox : the survival of belief in astrology -- 9. Salvation and the stars : astrology, religion and belief -- 10. Superstitious times : the extent of belief in astrology -- 11. Belief in astrology : a public survey -- 12. In their own words : the astrologers' universe of discourse -- 13. With their own voices : interviews with astrologers -- 14. Conclusion : modernity and normality.
=530  \\$aAlso available in print format.
=538  \\$aMode of access: World Wide Web.
=650  \0$aAstrology.
=650  \0$aNew Age movement.
=650  \0$aReligion.
=655  \7$aElectronic books.$2lcsh
=776  08$iPrint version: $z9781409435143(Hardback)$w 2012005337
=793  0\$aTaylor & Francis online monographs (UCSD)
=856 40$zTaylor & Francis. Restricted to UCSD IP addresses.$uhttps://www.taylorfrancis.com/books/9781317177791

