=LDR  02177cam a2200529Ii 4500
=001  TF9781315717692
=003  FlBoTFG
=005  20180331111825.0
=006  m\\\\\o\\d\\\\\\\\
=007  cr\\\\\\\\\\\\
=008  180331s2016\\\\nyua\\\\ob\\\\001\0\eng\d
=020  \\$a9781317510765 (e-book: PDF)$q(e-book : PDF)
=020  \\$z9781317510765$q(e-book: PDF)
=020  \\$z9781317510758$q(e-book: ePub)
=020  \\$z9781317510741$q(e-book: Mobi)
=020  \\$z9781138858824$q(hardback)
=020  \\$z9780815386452$q(paperback)
=020  \\$a9781315717692 (e-book)
=020  \\$a9781317510741 (e-book: Mobi)
=020  \\$a9781317510758 (e-book: ePub)
=020  \\$a9781138858824 (hardback)
=020  \\$a9780815386452 (paperback)
=024  7\$a10.4324/9781315717692 $2doi
=035  \\$a(OCoLC)958108160
=040  \\$aFlBoTFG$cFlBoTFG$erda$beng
=043  \\$ad------
=050  \4$aHT690.D44$bM53 2016
=082  04$a305.55091724$bM627
=245  04$aThe middle class in emerging societies :$bconsumers, lifestyles and markets /$cedited by Leslie L. Marsh and Hongmei Li.
=264  \1$aNew York ;$aLondon :$bRoutledge,$c©2016.
=300  \\$a1 online resource (ix, 232 pages) :$billustrations, text file, PDF
=336  \\$atext$2rdacontent
=337  \\$acomputer$2rdamedia
=338  \\$aonline resource$2rdacarrier
=490  1\$aRoutledge research in cultural and media studies ;$v78
=504  \\$aIncludes bibliographical references and index.
=505  0\$aSection 1. Media and society -- Section 2. Economics and consumers -- Section 3. Politics and ideology.
=530  \\$aAlso available in print format.
=650  \0$aConsumers$zDeveloping countries.
=650  \0$aLifestyles$zDeveloping countries.
=650  \0$aMiddle class$zDeveloping countries.
=655  \7$aElectronic books.$2lcsh
=700  1\$aLi, Hongmei,$d1974-
=700  1\$aMarsh, Leslie L.
=776  08$iPrint version: $z9781138858824$q(Hardback)$w(DLC) 2015023181
=793  0\$aTaylor & Francis online monographs (UCSD)
=830  \0$aRoutledge research in cultural and media studies ;$v78.
=856 40$zTaylor & Francis. Restricted to UCSD IP addresses.$uhttps://www.taylorfrancis.com/books/9781317510765

