=LDR  02310cam a2200517Ii 4500
=001  TF9781315731681
=003  FlBoTFG
=005  20180331111825.0
=006  m\\\\\o\\d\\\\\\\\
=007  cr\\\\\\\\\\\\
=008  180331s2016\\\\maua\\\\o\\\\\001\0\eng\d
=020  \\$a9781317552727 (e-book: PDF)$q(e-book : PDF)
=020  \\$z9781317552727$q(e-book: PDF)
=020  \\$z9781317552710$q(e-book: ePub)
=020  \\$z9781317552703$q(e-book: Mobi)
=020  \\$z9781138400634$q(hardback)
=020  \\$z9781138842250$q(paperback)
=020  \\$a9781315731681 (e-book)
=020  \\$a9781317552703 (e-book: Mobi)
=020  \\$a9781317552710 (e-book: ePub)
=020  \\$a9781138400634 (hardback)
=020  \\$a9781138842250 (paperback)
=024  7\$a10.4324/9781315731681 $2doi
=035  \\$a(OCoLC)958110173
=040  \\$aFlBoTFG$cFlBoTFG$erda$beng
=050  \4$aTR267.5.A3$bB8623 2016
=082  04$a006.696$bB967
=100  1\$aBurns, Stephen,$d1963-,$eauthor.
=245  10$a3D Photoshop for creative professionals :$binteractive guide for creating 3D art /$cStephen Burns.
=246  3\$aThree dimensional Photoshop for creative professionals
=264  \1$aBurlington, Mass. :$bFocal Press,$c©2016.
=300  \\$a1 online resource (ix, 300 pages) :$billustrations, text file, PDF
=336  \\$atext$2rdacontent
=337  \\$acomputer$2rdamedia
=338  \\$aonline resource$2rdacarrier
=500  \\$aIncludes index.
=505  0\$ach. 1. 3D interface overview -- ch. 2. 3D lighting -- ch. 3. Simple 3D modeling -- ch. 4. Sophisticated 3D modeling -- ch. 5. 3D texturing -- ch. 6. Creative 3D lighting -- ch. 7. Creating a planetary scene -- ch. 8. 3D and video integration -- ch. 9. Importing third-pary 3D objects -- ch. 10. 3D text -- ch. 11. Starship battle scene - - ch. 12. 3D printing.
=530  \\$aAlso available in print format.
=630  00$aAdobe Photoshop.
=650  \0$aComputer art.
=650  \0$aPhotography$xDigital techniques.
=650  \0$aPhotography, Stereoscopic$xData processing.
=650  \0$aThree-dimensional imaging.
=655  \7$aElectronic books.$2lcsh
=776  08$iPrint version: $z9781138400634$q(Hardback)
=793  0\$aTaylor & Francis online monographs (UCSD)
=856 40$zTaylor & Francis. Restricted to UCSD IP addresses.$uhttps://www.taylorfrancis.com/books/9781317552727

