=LDR  02231cam a2200469Ii 4500
=001  TF9781315638591
=003  FlBoTFG
=005  20180331111825.0
=006  m\\\\\o\\d\\\\\\\\
=007  cr\\\\\\\\\\\\
=008  180331s2016\\\\nyu\\\\\ob\\\\001\0\eng\d
=020  \\$a9781317271505 (e-book: PDF)$q(e-book : PDF)
=020  \\$z9781317271505$q(e-book: PDF)
=020  \\$z9781317271499$q(e-book: ePub)
=020  \\$z9781317271482$q(e-book: Mobi)
=020  \\$z9781848935853$q(hardback)
=020  \\$a9781315638591 (e-book)
=020  \\$a9781317271482 (e-book: Mobi)
=020  \\$a9781317271499 (e-book: ePub)
=020  \\$a9781848935853 (hardback)
=024  7\$a10.4324/9781315638591 $2doi
=035  \\$a(OCoLC)937719159
=040  \\$aFlBoTFG$cFlBoTFG$erda$beng
=043  \\$axd-----
=050  \4$aBV2120$b.B35 2016
=082  04$a266.009709032$bB191
=100  1\$aBalleriaux, Catherine,$d1978-,$eauthor.
=245  10$aMissionary strategies in the New World, 1610-1690 :$ban intellectual history /$cCatherine Balleriaux.
=264  \1$aNew York ;$aLondon :$bRoutledge,$c©2016.
=300  \\$a1 online resource (xii, 230 pages) :$btext file, PDF
=336  \\$atext$2rdacontent
=337  \\$acomputer$2rdamedia
=338  \\$aonline resource$2rdacarrier
=490  1\$aReligious cultures in the early modern world ;$v21
=504  \\$aIncludes bibliographical references and index.
=505  0\$a1. Custom as Ethos and habituation : native paganism and idolatry -- 2. Conversion : will, grace, and good works -- 3. Native nomadic lifestyles : civility, law, and godly government -- 4. Assimilation versus segregation : two competing missiologies -- 5. Community building : commonwealth and Christian missions -- 6. Conflict : rejection of European political and religious authority.
=530  \\$aAlso available in print format.
=650  \0$aMissions$zWestern Hemisphere$xHistory$y17th century.
=655  \7$aElectronic books.$2lcsh
=776  08$iPrint version: $z9781848935853(Hardback)$w 2015036303
=793  0\$aTaylor & Francis online monographs (UCSD)
=830  \0$aReligious cultures in the early modern world ;$v21.
=856 40$zTaylor & Francis. Restricted to UCSD IP addresses.$uhttps://www.taylorfrancis.com/books/9781317271505

