=LDR  02448cam a2200481Ii 4500
=001  TF9781315417813
=003  FlBoTFG
=005  20180330125217.0
=006  m\\\\\o\\d\\\\\\\\
=007  cr\\\\\\\\\\\\
=008  180331r20162015enkad\\\o\\\\\000\0\eng\d
=020  \\$a9781315417806 (e-book: PDF)$q(e-book : PDF)
=020  \\$z9781315417806$q(e-book: PDF)
=020  \\$z9781315417790$q(e-book: ePub)
=020  \\$z9781315417783$q(e-book: Mobi)
=020  \\$z9781138405165$q(hardback)
=020  \\$z9781629580333$q(paperback)
=020  \\$a9781315417813 (e-book)
=020  \\$a9781315417783 (e-book: Mobi)
=020  \\$a9781315417790 (e-book: ePub)
=020  \\$a9781138405165 (hardback)
=020  \\$a9781629580333 (paperback)
=024  7\$a10.4324/9781315417813 $2doi
=035  \\$a(OCoLC)956466500
=040  \\$aFlBoTFG$cFlBoTFG$erda$beng
=050  \4$aHF5469.65$b.N49 2016
=082  04$a658.87$bN532
=245  04$aThe new store workbook :$bthe essential steps from business plan to opening day /$cMuseum Store Association.
=250  \\$aThird edition.
=264  \1$aLondon ;$aNew York :$bRoutledge,$c©2016.
=300  \\$a1 online resource (193 pages) :$billustrations, text file, PDF
=336  \\$atext$btxt$2rdacontent
=337  \\$acomputer$bc$2rdamedia
=338  \\$aonline resource$bcr$2rdacarrier
=500  \\$aFirst published 2015 by Left Coast Press, Inc.
=505  0\$a1. The big idea : writing the business plan -- 2. How to get there from here : timeline from business plan to opening festivities -- 3. From the ground up : store design and visual merchandising -- 4. The goods : planning, selecting, and purchasing -- 5. Selecting the point-of-sale system -- 6. Thwarting thieves : store security -- 7. Fun with numbers : financial and inventory procedures -- 8. Tell them about it : marketing the store -- 9. building a great team : aim for the best -- 10. Customer care : the competitive edge -- 11. Reaching outward : opening the offsite store -- 12. Opening an online store.
=530  \\$aAlso available in print format.
=650  \0$aMuseum stores$xManagement.
=650  \0$aNew business enterprises$xManagement.
=655  \7$aElectronic books.$2lcsh
=710  2\$aMuseum Store Association (U.S.)
=776  08$iPrint version: $z9781138405165$q(Hardback)
=793  0\$aTaylor & Francis online monographs (UCSD)
=856 40$zTaylor & Francis. Restricted to UCSD IP addresses.$uhttps://www.taylorfrancis.com/books/9781315417806

