=LDR  02284cam a2200541Ii 4500
=001  TF9781315709437
=003  FlBoTFG
=005  20180331111825.0
=006  m\\\\\o\\d\\\\\\\\
=007  cr\\\\\\\\\\\\
=008  180331s2016\\\\enkab\\\ob\\\\001\0\eng\d
=020  \\$a9781317485933 (e-book: PDF)$q(e-book : PDF)
=020  \\$z9781317485933$q(e-book: PDF)
=020  \\$z9781317485926$q(e-book: ePub)
=020  \\$z9781317485919$q(e-book: Mobi)
=020  \\$z9781138891906$q(hardback)
=020  \\$z9780815357018$q(paperback)
=020  \\$a9781315709437 (e-book)
=020  \\$a9781317485919 (e-book: Mobi)
=020  \\$a9781317485926 (e-book: ePub)
=020  \\$a9781138891906 (hardback)
=020  \\$a9780815357018 (paperback)
=024  7\$a10.4324/9781315709437 $2doi
=035  \\$a(OCoLC)958110005
=040  \\$aFlBoTFG$cFlBoTFG$erda$beng
=043  \\$ar------
=050  \4$aRC961.5$b.A34 2016
=082  04$a362.109113$bA265
=245  00$aAgeing, wellbeing and climate change in the Arctic :$ban interdisciplinary analysis /$cedited by Paivi Naskali, Marjaana Seppanen and Shahnaj Begum.
=264  \1$aLondon ;$aNew York :$bRoutledge,$c©2016.
=300  \\$a1 online resource (xi, 262 pages) :$billustrations, text file, PDF
=336  \\$atext$2rdacontent
=337  \\$acomputer$2rdamedia
=338  \\$aonline resource$2rdacarrier
=490  1\$aRoutledge advances in climate change research
=504  \\$aIncludes bibliographical references and index.
=505  0\$apt. 1. Position of older people and policies in the Arctic -- pt. 2. Elderly people and climate change -- pt. 3. Wellbeing of elderly people -- pt. 4. Local traditions of Arctic communities.
=530  \\$aAlso available in print format.
=650  \0$aAging$zArctic regions.
=650  \0$aClimatic changes$zArctic regions.
=650  \0$aWell-being$zArctic regions.
=655  \7$aElectronic books.$2lcsh
=700  1\$aBegum, Shahnaj.
=700  1\$aNaskali, Paivi.
=700  1\$aSeppanen, Marjaana.
=776  08$iPrint version: $z9781138891906$q(Hardback)$w(DLC) 2015022402
=793  0\$aTaylor & Francis online monographs (UCSD)
=830  \0$aRoutledge advances in climate change research.
=856 40$zTaylor & Francis. Restricted to UCSD IP addresses.$uhttps://www.taylorfrancis.com/books/9781317485933

