=LDR  03199cam a2200481Ii 4500
=001  TF9780203802182
=003  FlBoTFG
=005  20180331102445.0
=006  m\\\\\o\\d\\\\\\\\
=007  cr\\\\\\\\\\\\
=008  130331s2012\\\\enkab\\\ob\\\\001\0\eng\d
=010  \\$a 2011014122
=020  \\$a9780203802182 (e-book : PDF)
=020  \\$a9780415601771 (hardback)
=020  \\$a9780415601788 (paperback)
=020  \\$a9781136625008 (e-book: Mobi)
=020  \\$a9781136625046 (e-book: ePub)
=020  \\$a9781136625053 (e-book: PDF)
=024  7\$a10.4324/9780203802182 $2doi
=035  \\$a(OCoLC)782916537
=040  \\$aFlBoTFG$cFlBoTFG$erda
=090  \\$aHT151$b.C5684 2012
=092  \\$a307.121601$bC581
=245  00$aCities for people, not for profit :$bcritical urban theory and the right to the city /$cedited by Neil Brenner, Peter Marcuse, and Margit Mayer.
=264  \1$aAbingdon, Oxon ;$aNew York, N.Y. :$bRoutledge,$c2012.
=300  \\$a1 online resource (xii, 284 pages) :$billustrations, text file, PDF
=336  \\$atext$2rdacontent
=337  \\$acomputer$2rdamedia
=338  \\$aonline resource$2rdacarrier
=504  \\$aIncludes bibliographical references and index.
=505  0\$a1. Cities for people, not for profit : an introduction / Neil Brenner, Peter Marcuse, and Margit Mayer -- 2. What is critical urban theory? / Neil Brenner -- 3. Whose right(s) to what city? / Peter Marcuse -- 4. Henri Lefebvre, the right to the city, and the new metropolitan mainstream / Christain Schmid -- 5. The 'right to the city' in urban social movements / Margit Mayer -- 6. Space and revolution in theory and practice : eight theses / Kanishka Goonewardena -- 7. The praxis of planning and the contributions of critical development studies / Katharin N. Rankin -- 8. Assemblages, actor-networks, and the challenges of critical urban theory / Neil Brenner, David J. Madden, and David Wachsmuth -- 9. The new urban growth ideology of 'creative cities' / Stefan Kratke -- 10. Critical theory and 'gray space' : mobilization of the colonized / Oren Yiftachel -- 11. Missing Marcuse : on gentrification and displacement / Tom Slater -- 12. An actually existing just city? : the fight for the right to the city in Amsterdam / Justus Uitermark -- 13. A critical approach to solving the housing problem / Peter Marcuse -- 14. Socialist cities, for people or for power? / Bruno Flierl in conversation with Peter Marcuse -- 15. The right to the city : from theory to grassroots alliance / Jon Liss -- 16. What is to be done? : and who the hell is going to do it? / David Harvey with David Wachsmuth.
=506  \\$aLicense restrictions may limit access.
=506  \\$aSubscription required for access to full text.
=530  \\$aAlso available in print format.
=650  \0$aCity planning.
=650  \0$aSociology, Urban.
=650  \0$aUrbanization.
=655  \7$aElectronic books.$2lcsh
=700  1\$aBrenner, Neil.
=700  1\$aMarcuse, Peter.
=700  1\$aMayer, Margit.
=776  08$iPrint version: $z9780415601771$q(Hardback)
=793  0\$aTaylor & Francis online monographs (UCSD)
=856 40$zTaylor & Francis. Restricted to UCSD IP addresses.$uhttps://www.taylorfrancis.com/books/9781136625053

