=LDR  02104cam a2200457Ii 4500
=001  TF9781315735078
=003  FlBoTFG
=005  20180331111825.0
=006  m\\\\\o\\d\\\\\\\\
=007  cr\\\\\\\\\\\\
=008  180331s2017\\\\enkad\\\ob\\\\001\0\eng\d
=020  \\$a9781317562887 (e-book: PDF)$q(e-book : PDF)
=020  \\$z9781317562887$q(e-book: PDF)
=020  \\$z9781317562863$q(e-book: Mobi)
=020  \\$z9781138837768$q(hardback)
=020  \\$z9781138837751$q(paperback)
=020  \\$a9781315735078 (e-book)
=020  \\$a9781317562863 (e-book: Mobi)
=020  \\$a9781138837768 (hardback)
=020  \\$a9781138837751 (paperback)
=024  7\$a10.4324/9781315735078 $2doi
=035  \\$a(OCoLC)970389948
=040  \\$aFlBoTFG$cFlBoTFG$erda$beng
=041  0\$aeng$aspa
=050  \4$aPC4075$b.P685 2017
=082  04$a468.2421$bP876
=100  1\$aPountain, Christopher J.,$eauthor.
=245  10$aExploring the Spanish language :$ban introduction to its structures and varieties /$cChristopher J. Pountain.
=250  \\$aSecond edition.
=264  \1$aMilton Park, Abingdon, Oxon ;$aNew York, N.Y. :$bRoutledge,$c©[2017]
=300  \\$a1 online resource (xi, 330 pages) :$billustrations, text file, PDF
=336  \\$atext$2rdacontent
=337  \\$acomputer$2rdamedia
=338  \\$aonline resource$2rdacarrier
=504  \\$aIncludes bibliographical references (p. [307]-319) and index.
=505  0\$a1. Introduction -- 2. The sounds of Spanish -- 3. Spanish words and their structure -- 4. Spanish sentences and their structure -- 5. Themes in form and meaning : the 'genius' of Spanish -- 6. Regional and social variation -- 7. Register -- 8. Style -- 9. SPanish or not? -- 10. Towards the future.
=530  \\$aAlso available in print format.
=650  \0$aSpanish language$vTextbooks for foreign speakers$xEnglish.
=655  \7$aElectronic books.$2lcsh
=776  08$iPrint version: $z9781138837768$q(Hardback)$w(DLC) 2016009984
=793  0\$aTaylor & Francis online monographs (UCSD)
=856 40$zTaylor & Francis. Restricted to UCSD IP addresses.$uhttps://www.taylorfrancis.com/books/9781317562887

