=LDR  02236cam a2200529Ii 4500
=001  TF9781315629049
=003  FlBoTFG
=005  20180331111825.0
=006  m\\\\\o\\d\\\\\\\\
=007  cr\\\\\\\\\\\\
=008  180331s2016\\\\nyua\\\\ob\\\\001\0\eng\d
=020  \\$a9781317242857 (e-book: PDF)$q(e-book : PDF)
=020  \\$z9781317242857$q(e-book: PDF)
=020  \\$z9781317242840$q(e-book: ePub)
=020  \\$z9781317242833$q(e-book: Mobi)
=020  \\$z9781138892460$q(hardback)
=020  \\$z9781138892477$q(paperback)
=020  \\$a9781315629049 (e-book)
=020  \\$a9781317242833 (e-book: Mobi)
=020  \\$a9781317242840 (e-book: ePub)
=020  \\$a9781138892460 (hardback)
=020  \\$a9781138892477 (paperback)
=024  7\$a10.4324/9781315629049 $2doi
=035  \\$a(OCoLC)948602938
=040  \\$aFlBoTFG$cFlBoTFG$erda$beng
=050  \4$aQA277$b.W48 2016
=082  04$a001.422$bW555
=245  00$aWhat if there were no significance tests? /$cedited by Lisa L. Harlow, Stanley A. Mulaik, and James H. Steiger.
=250  \\$aClassic edition.
=264  \1$aNew York ;$aLondon :$bRoutledge,$c©2016.
=300  \\$a1 online resource (xlviii, 395 pages) :$billustrations, text file, PDF
=336  \\$atext$2rdacontent
=337  \\$acomputer$2rdamedia
=338  \\$aonline resource$2rdacarrier
=490  0\$aPsychology Press and Routledge classic editions
=490  1\$aMultivariate applications book series
=504  \\$aIncludes bibliographical references and indexes.
=505  0\$aOverview -- The debate : against and for significance testing -- Suggested alternatives to significance testing -- A Bayesian perspective on hypothesis testing -- Philosophy of science issues.
=530  \\$aAlso available in print format.
=650  \0$aStatistical hypothesis testing.
=655  \7$aElectronic books.$2lcsh
=700  1\$aHarlow, Lisa Lavoie,$d1951-
=700  1\$aMulaik, Stanley A.,$d1935-
=700  1\$aSteiger, James H.
=776  08$iPrint version: $z9781138892460(Hardback)$w 2015038601
=793  0\$aTaylor & Francis online monographs (UCSD)
=830  \0$aMultivariate applications book series.
=856 40$zTaylor & Francis. Restricted to UCSD IP addresses.$uhttps://www.taylorfrancis.com/books/9781317242857

