=LDR  02165cam a2200517Ii 4500
=001  TF9781315745886
=003  FlBoTFG
=005  20180331111825.0
=006  m\\\\\o\\d\\\\\\\\
=007  cr\\\\\\\\\\\\
=008  180331s2017\\\\enka\\\\ob\\\\001\0\eng\d
=020  \\$a9781317596677 (e-book: PDF)$q(e-book : PDF)
=020  \\$z9781317596677$q(e-book: PDF)
=020  \\$z9781317596653$q(e-book: Mobi)
=020  \\$z9781138816954$q(hardback)
=020  \\$a9781315745886 (e-book)
=020  \\$a9781317596653 (e-book: Mobi)
=020  \\$a9781138816954 (hardback)
=024  7\$a10.4324/9781315745886 $2doi
=035  \\$a(OCoLC)958983877
=040  \\$aFlBoTFG$cFlBoTFG$erda$beng
=050  \4$aGV706.32$b.R68 2017
=082  04$a306.483$bR869
=245  00$aRoutledge handbook of sport, race and ethnicity /$cedited by John Nauright and David K. Wiggins.
=246  30$aHandbook of sport, race and ethnicity
=264  \1$aLondon ;$aNew York :$bRoutledge,$c©2017.
=300  \\$a1 online resource (xi, 266 pages) :$billustrations, text file, PDF
=336  \\$atext$2rdacontent
=337  \\$acomputer$2rdamedia
=338  \\$aonline resource$2rdacarrier
=490  1\$aRoutledge international handbooks
=504  \\$aIncludes bibliographical references and index.
=505  0\$apt. 1. Key themes of race and ethnicity in sport -- pt. 2. Race and ethnicity in sport : case studies from around the world.
=530  \\$aAlso available in print format.
=650  \0$aRacism in sports$vCase studies.
=650  \0$aRacism in sports.
=650  \0$aSports and globalization$xSocial aspects$vCase studies.
=650  \0$aSports and globalization$xSocial aspects.
=650  \0$aSports$xSociological aspects$vCase studies.
=650  \0$aSports$xSociological aspects.
=655  \7$aElectronic books.$2lcsh
=700  1\$aNauright, John,$d1962-
=700  1\$aWiggins, David Kenneth,$d1951-
=776  08$iPrint version: $z9781138816954$q(Hardback)$w(DLC) 2016014379
=793  0\$aTaylor & Francis online monographs (UCSD)
=830  \0$aRoutledge international handbooks.
=856 40$zTaylor & Francis. Restricted to UCSD IP addresses.$uhttps://www.taylorfrancis.com/books/9781317596677

