=LDR  01667cam a2200421Ii 4500
=001  TF9781317408055
=003  FlBoTFG
=005  20180331111825.0
=006  m\\\\\o\\d\\\\\\\\
=007  cr\\\\\\\\\\\\
=008  180331s2017\\\\enkach\\ob\\\\001\0\eng\d
=020  \\$a9781317408055$q(e-book: PDF)
=020  \\$z9781315684062$q(e-book)
=020  \\$z9781317408031$q(e-book: Mobi)
=020  \\$z9781138924956$q(hardback)
=020  \\$a9781315684062 (e-book)
=020  \\$a9781317408031 (e-book: Mobi)
=020  \\$a9781138924956 (hardback)
=035  \\$a(OCoLC)964357665
=040  \\$aDLC$beng$cDLC$erda$dDLC$dFlBoTFG
=050  \4$aPN1995.9.S47$bR68 2017
=082  04$a791.43653$bR869
=245  04$aThe Routledge companion to cinema and gender /$cedited by Kristin Lenâe Hole, Dijana Jelaéca, E. Ann Kaplan, and Patrice Petro.
=264  \1$aLondon ;$aNew York :$bRoutledge,$c©2017.
=300  \\$a1 online resource (xix, 492 pages) :$billustrations, text file, PDF
=336  \\$atext$2rdacontent
=337  \\$acomputer$2rdamedia
=338  \\$aonline resource$2rdacarrier
=504  \\$aIncludes bibliographical references and index.
=530  \\$aAlso available in print format.
=650  \0$aSex role in motion pictures.
=655  \7$aElectronic books.$2lcsh
=700  1\$aHole, Kristin Lenâe,$eeditor...
=700  1\$aJelaéca, Dijana,$d1979-$eeditor...
=700  1\$aKaplan, E. Ann,$eeditor...
=700  1\$aPetro, Patrice,$d1957-$eeditor...
=776  08$iPrint version: $z9781138924956$q(Hardback)
=793  0\$aTaylor & Francis online monographs (UCSD)
=856 40$zTaylor & Francis. Restricted to UCSD IP addresses.$uhttps://www.taylorfrancis.com/books/9781317408055

