=LDR  02186cam a2200505Ii 4500
=001  TF9781315682211
=003  FlBoTFG
=005  20180331111825.0
=006  m\\\\\o\\d\\\\\\\\
=007  cr\\\\\\\\\\\\
=008  180331s2016\\\\enkabd\\ob\\\\001\0\eng\d
=020  \\$a9781317402503 (e-book: PDF)$q(e-book : PDF)
=020  \\$z9781317402503$q(e-book: PDF)
=020  \\$z9781317402497$q(e-book: ePub)
=020  \\$z9781317402480$q(e-book: Mobi)
=020  \\$z9781138927858$q(hardback)
=020  \\$z9781138927865$q(paperback)
=020  \\$a9781315682211 (e-book)
=020  \\$a9781317402480 (e-book: Mobi)
=020  \\$a9781317402497 (e-book: ePub)
=020  \\$a9781138927858 (hardback)
=020  \\$a9781138927865 (paperback)
=024  7\$a10.4324/9781315682211 $2doi
=035  \\$a(OCoLC)958109646
=040  \\$aFlBoTFG$cFlBoTFG$erda$beng
=043  \\$an-us---
=050  \4$aRC628$b.B358 2016
=082  04$a362.196398$bB444
=100  1\$aBellisari, Anna W.,$d1939-,$eauthor.
=245  14$aThe anthropology of obesity in the United States /$cAnna Bellisari.
=246  3\$aAnthropology of obesity in the U.S.
=264  \1$aMilton Park, Abingdon, Oxon ;$aNew York, N.Y. :$bRoutledge,$c©2016.
=300  \\$a1 online resource (ix, 266 pages) :$billustrations, text file, PDF
=336  \\$atext$2rdacontent
=337  \\$acomputer$2rdamedia
=338  \\$aonline resource$2rdacarrier
=504  \\$aIncludes bibliographical references and index.
=505  0\$a1. Introduction : obesity in America -- 2. Origins of obesity in human evolution -- 3. The metabolic basis of obesity -- 4. The toxic environment -- 5. Obesity in American society -- 6. The obesity epidemic and American culture -- 7. Conclusion : the anthropology of obesity.
=530  \\$aAlso available in print format.
=650  \0$aLifestyles$zUnited States.
=650  \0$aObesity$zUnited States$xHistory.
=650  \0$aObesity$zUnited States.
=655  \7$aElectronic books.$2lcsh
=776  08$iPrint version: $z9781138927858(Hardback)$w 2015035826
=793  0\$aTaylor & Francis online monographs (UCSD)
=856 40$zTaylor & Francis. Restricted to UCSD IP addresses.$uhttps://www.taylorfrancis.com/books/9781317402503

