=LDR  02207cam a2200505Ii 4500
=001  TF9781315642390
=003  FlBoTFG
=005  20180331102445.0
=006  m\\\\\o\\d\\\\\\\\
=007  cr\\\\\\\\\\\\
=008  130331s2016\\\\enkad\\\ob\\\\001\0\eng\d
=020  \\$a9781317282884 (e-book: PDF)$q(e-book : PDF)
=020  \\$z9781317282884$q(e-book: PDF)
=020  \\$z9781317282877$q(e-book: ePub)
=020  \\$z9781317282860$q(e-book: Mobi)
=020  \\$z9780415582582$q(hardback)
=020  \\$a9781315642390 (e-book)
=020  \\$a9781317282860 (e-book: Mobi)
=020  \\$a9781317282877 (e-book: ePub)
=020  \\$a9780415582582 (hardback)
=024  7\$a10.4324/9781315642390 $2doi
=035  \\$a(OCoLC)958107450
=040  \\$aFlBoTFG$cFlBoTFG$erda$beng
=043  \\$aa-ko---
=050  \4$aJQ1729.A15$bK596 2016
=082  04$a320.95195$bK494
=100  1\$aKim, Sun-Chul.,$eauthor.
=245  10$aDemocratization and social movements in South Korea :$bdefiant institutionalization /$cSun-Chul Kim.
=264  \1$aAbingdon, Oxon ;$aNew York, N.Y. :$bRoutledge,$c©2016.
=300  \\$a1 online resource (xi, 182 pages) :$billustrations, text file, PDF
=336  \\$atext$2rdacontent
=337  \\$acomputer$2rdamedia
=338  \\$aonline resource$2rdacarrier
=490  1\$aRoutledge studies on modern Korea ;$v2
=504  \\$aIncludes bibliographical references and index.
=505  0\$a1. Transition dynamics and the origin of political instability -- 2. Post-authoritarian contention and coalition dynamics -- 3. The making of social movement autonomy -- 4. South Korea's double transition and popular contention.
=530  \\$aAlso available in print format.
=650  \0$aDemocratization$zKorea (South)
=650  \0$aKorea (South)$xPolitics and government.
=650  \0$aSocial change$xPolitical aspects$zKorea (South)
=650  \0$aSocial movements$zKorea (South)
=655  \7$aElectronic books.$2lcsh
=776  08$iPrint version: $z9780415582582(Hardback)$w 2015033998
=793  0\$aTaylor & Francis online monographs (UCSD)
=830  \0$aRoutledge studies on modern Korea ;$v2.
=856 40$zTaylor & Francis. Restricted to UCSD IP addresses.$uhttps://www.taylorfrancis.com/books/9781317282884

