=LDR  02222cam a2200529Ii 4500
=001  TF9781315563466
=003  FlBoTFG
=005  20180331102445.0
=006  m\\\\\o\\d\\\\\\\\
=007  cr\\\\\\\\\\\\
=008  180331s2017\\\\enka\\\\ob\\\\001\0\eng\d
=020  \\$a9781317191971 (e-book: PDF)$q(e-book : PDF)
=020  \\$z9781317191971$q(e-book: PDF)
=020  \\$z9781317191964$q(e-book: ePub)
=020  \\$z9781317191957$q(e-book: Mobi)
=020  \\$z9781138679436$q(hardback)
=020  \\$a9781315563466 (e-book)
=020  \\$a9781317191957 (e-book: Mobi)
=020  \\$a9781317191964 (e-book: ePub)
=020  \\$a9781138679436 (hardback)
=024  7\$a10.4324/9781315563466 $2doi
=035  \\$a(OCoLC)954617440
=040  \\$aFlBoTFG$cFlBoTFG$erda$beng
=043  \\$aa-ii---$ae-uk---
=050  \4$aDS468$b.E27 2016
=082  04$a954.029$bE131
=245  04$aThe East India Company, 1600-1857 :$bessays on Anglo-Indian connection /$cedited by William A. Pettigrew and Mahesh Gopalan.
=264  \1$aLondon :$bRoutledge,$c©2017.
=300  \\$a1 online resource :$billustrations, text file, PDF
=336  \\$atext$2rdacontent
=337  \\$acomputer$2rdamedia
=338  \\$aonline resource$2rdacarrier
=504  \\$aIncludes bibliographical references and index.
=505  0\$apt. I. The regulatory worlds of the East India Company -- pt. II. Religion, society, ethnographic reconnaissance and inter-cultural encounters -- pt. III. Diplomacy, power and the company state.
=530  \\$aAlso available in print format.
=538  \\$aMode of access: World Wide Web.
=610  20$aEast India Company.
=651  \0$aGreat Britain$xCommerce$zIndia.
=651  \0$aGreat Britain$xPolitics and government$y18th century.
=651  \0$aGreat Britain$xRelations$zIndia.
=651  \0$aIndia$xHistory$y18th century.
=651  \0$aIndia$xRelations$zGreat Britain.
=655  \7$aElectronic books.$2lcsh
=700  1\$aGopalan, Mahesh.
=700  1\$aPettigrew, William A.$q(William Andrew),$d1978-
=776  08$iPrint version: $z9781138679436$q(Hardback)
=793  0\$aTaylor & Francis online monographs (UCSD)
=856 40$zTaylor & Francis. Restricted to UCSD IP addresses.$uhttps://www.taylorfrancis.com/books/9781317191971

