=LDR  02002cam a2200517Ii 4500
=001  TF9781315543253
=003  FlBoTFG
=005  20180331111825.0
=006  m\\\\\o\\d\\\\\\\\
=007  cr\\\\\\\\\\\\
=008  180331s2017\\\\enka\\\\ob\\\\001\0\eng\d
=020  \\$a9781134861446 (e-book: PDF)$q(e-book : PDF)
=020  \\$z9781134861446$q(e-book: PDF)
=020  \\$z9781134861583$q(e-book: Mobi)
=020  \\$z9781138811140$q(hardback)
=020  \\$z9781138811157$q(paperback)
=020  \\$a9781315543253 (e-book)
=020  \\$a9781134861583 (e-book: Mobi)
=020  \\$a9781138811140 (hardback)
=020  \\$a9781138811157 (paperback)
=024  7\$a10.4324/9781315543253 $2doi
=035  \\$a(OCoLC)966563462
=040  \\$aFlBoTFG$cFlBoTFG$erda$beng
=043  \\$ae------$aaw-----
=050  \4$aD160$b.R46 2017
=082  04$a909.07$bR386
=245  00$aRemembering the Crusades and crusading /$cedited by Megan Cassidy-Welch.
=264  \1$aLondon ;$aNew York, N.Y. :$bRoutledge,$c©2017.
=300  \\$a1 online resource (xii, 250 pages) :$billustrations, text file, PDF
=336  \\$atext$2rdacontent
=337  \\$acomputer$2rdamedia
=338  \\$aonline resource$2rdacarrier
=504  \\$aIncludes bibliographical references and index.
=505  0\$apt. I. Introduction -- pt. II. Sources of memory -- pt. III. Communities of memory -- pt. IV. Cultural memory.
=530  \\$aAlso available in print format.
=650  \0$aCollective memory$xHistory.
=650  \0$aCrusades in literature.
=650  \0$aCrusades$xHistoriography.
=650  \0$aCrusades$xInfluence$xHistory.
=650  \0$aCrusades.
=650  \0$aMemorials$xHistory.
=650  \0$aMemory$xSocial aspects$xHistory.
=655  \7$aElectronic books.$2lcsh
=700  1\$aCassidy-Welch, Megan.
=776  08$iPrint version: $z9781138811140(Hardback)$w 2016002701
=793  0\$aTaylor & Francis online monographs (UCSD)
=856 40$zTaylor & Francis. Restricted to UCSD IP addresses.$uhttps://www.taylorfrancis.com/books/9781134861446

