=LDR  02632cam a2200481Ii 4500
=001  TF9781317306252
=003  FlBoTFG
=005  20180420170034.0
=006  m\\\\\o\\d\\\\\\\\
=007  cr\\\\\\\\\\\\
=008  180420s2011\\\\enkab\\\ob\\\\001\0\eng\d
=020  \\$a9781317306252$q(e-book: PDF)
=020  \\$z9781315650180$q(e-book)
=020  \\$z9781317306245$q(e-book: ePub)
=020  \\$z9781317306238$q(e-book: Mobi)
=020  \\$z9781138949867$q(paperback)
=020  \\$a9781315650180 (e-book)
=020  \\$a9781317306238 (e-book: Mobi)
=020  \\$a9781317306245 (e-book: ePub)
=020  \\$a9781138949867 (paperback)
=035  \\$a(OCoLC)732320229
=040  \\$aFlBoTFG$cFlBoTFG$erda
=050  \4$aPH2129.E5$bR68 2011
=082  04$a494.51182421$bR859
=100  1\$aRounds, Carol,$d1959-$eauthor.
=245  10$aColloquial Hungarian :$bthe complete course for beginners /$cCarol H. Rounds and Erika Solyom.
=250  \\$aSecond edition.
=264  \1$aLondon ;$aNew York, N.Y. :$bRoutledge,$c©2011.
=300  \\$a1 online resource (xviii, 369 pages) :$billustrations, text file, PDF.
=336  \\$atext$2rdacontent
=337  \\$acomputer$2rdamedia
=338  \\$aonline resource$2rdacarrier
=490  1\$aColloquial series
=504  \\$aIncludes bibliographical references and index.
=505  0\$a1. Családok = Families -- 2. Az egyetem és a diákok= The university and the students -- 3. Határátlépés = Crossing the border -- 4. Bevásárlás = Shopping -- 5. Taxi! = Taxi! -- 6. Tetszik neked Budapest? = Do you like Budapest? -- 7. Az étteremben = In the restaurant -- 8. Van már szobafoglalása? = Do you already have a room reservation? -- 9. Meg tudja mondani, merre van a posta? = Can you tell me where the post office is? -- 10. Mit csinált Newman úr a hétvégén? = What did Mr. Newman do at the weekend? -- 11. Minket is érdekel a zene! = We are interested in music too! -- 12. Gyógyulj meg! = Get well soon! -- 13. Szeretlek! = I love you! -- 14. Fourteen Bárcsak több szabadidem volna! = If only I had more free time! -- 15. A leghihetetlenebb történet = The most unbelievable story.
=530  \\$aAlso available in print format.
=650  \0$aHungarian language$vTextbooks for foreign speakers$xEnglish.
=650  \0$aHungarian language$xSpoken Hungarian.
=655  \7$aElectronic books.$2lcsh
=700  1\$aSolyom, Erika,$d1969-
=776  08$iPrint version: $z9781138949867(paperback)
=793  0\$aTaylor & Francis online monographs (UCSD)
=830  \0$aColloquial series.
=856 40$zTaylor & Francis. Restricted to UCSD IP addresses.$uhttps://www.taylorfrancis.com/books/9781317306252

