=LDR  01777cam a2200493Ii 4500
=001  TF9781317306375
=003  FlBoTFG
=005  20180331102445.0
=006  m\\\\\o\\d\\\\\\\\
=007  cr\\\\\\\\\\\\
=008  130331s1995\\\\enkm\\\\o\\\\\001\0\eng\d
=020  \\$a9781317306375$q(e-book: PDF)
=020  \\$z9781315650227$q(e-book)
=020  \\$z9781317306368$q(e-book: ePub)
=020  \\$z9781317306351$q(e-book: Mobi)
=020  \\$z9781138468771$q(hardback)
=020  \\$z9780415100090$q(paperback)
=020  \\$a9781315650227 (e-book)
=020  \\$a9781317306351 (e-book: Mobi)
=020  \\$a9781317306368 (e-book: ePub)
=020  \\$a9781138468771 (hardback)
=020  \\$a9780415100090 (paperback)
=035  \\$a(OCoLC)960198048
=040  \\$aFlBoTFG$cFlBoTFG$erda$beng
=041  0\$aeng$asom
=050  \4$aPJ2532$b.O79 1995
=082  04$a493.5$bO79
=100  1\$aOrwin, Martin,$d1963-,$eauthor.
=245  10$aColloquial Somali :$ba complete language course /$cMartin Orwin.
=264  \1$aLondon ;$aNew York :$bRoutledge,$c©1995.
=300  \\$a1 online resource (vi, 295 pages) :$btext file, PDF
=336  \\$atext$2rdacontent
=337  \\$acomputer$2rdamedia
=338  \\$aonline resource$2rdacarrier
=490  1\$aThe colloquial series
=500  \\$aIn container (25 cm.).
=500  \\$aIncludes index.
=530  \\$aAlso available in print format.
=650  \0$aSomali language$xGrammar.
=650  \0$aSomali language$xTextbooks for foreign speakers$xEnglish.
=655  \7$aElectronic books.$2lcsh
=776  08$iPrint version: $z9781138468771$q(Hardback)
=793  0\$aTaylor & Francis online monographs (UCSD)
=830  \0$aColloquial series.
=856 40$zTaylor & Francis. Restricted to UCSD IP addresses.$uhttps://www.taylorfrancis.com/books/9781317306375

