=LDR  01920cam a2200505Ii 4500
=001  TF9781315841632
=003  FlBoTFG
=005  20180331111825.0
=006  m\\\\\o\\d\\\\\\\\
=007  cr\\\\\\\\\\\\
=008  180331r20132002enka\\\\ob\\\\001\0\eng\d
=020  \\$a9781317886464 (e-book: PDF)$q(e-book : PDF)
=020  \\$z9781317886464$q(e-book: PDF)
=020  \\$z9781317886457$q(e-book: ePub)
=020  \\$z9781317886440$q(e-book: Mobi)
=020  \\$z9781138150010$q(hardback)
=020  \\$z9780582294455$q(paperback)
=020  \\$a9781315841632 (e-book)
=020  \\$a9781317886440 (e-book: Mobi)
=020  \\$a9781317886457 (e-book: ePub)
=020  \\$a9781138150010 (hardback)
=020  \\$a9780582294455 (paperback)
=024  7\$a10.4324/9781315841632 $2doi
=035  \\$a(OCoLC)896839272
=040  \\$aFlBoTFG$cFlBoTFG$erda$beng
=043  \\$ae------
=050  \4$aCB361$b.K57 2013
=082  04$a940.21$bK598
=100  1\$aKirkpatrick, Robin,$d1943-,$eauthor.
=245  14$aThe European Renaissance, 1400-1600 /$cRobin Kirkpatrick.
=264  \1$aLondon ;$aNew York :$bRoutledge,$c©2013.
=300  \\$a1 online resource (xviii, 385 pages) :$billustrations, text file, PDF
=336  \\$atext$2rdacontent
=337  \\$acomputer$2rdamedia
=338  \\$aonline resource$2rdacarrier
=500  \\$a"First published 2002 by Pearson Education Limited"--T.p. verso.
=504  \\$aIncludes bibliographical references and index.
=505  0\$apt. 1. Thought and context -- pt. 2. The arts.
=530  \\$aAlso available in print format.
=650  \0$aRenaissance.
=651  \0$aEurope$xHistory$y1492-1648.
=651  \0$aEurope$xHistory$y476-1492.
=655  \7$aElectronic books.$2lcsh
=776  08$iPrint version: $z9781138150010$q(Hardback)
=793  0\$aTaylor & Francis online monographs (UCSD)
=856 40$zTaylor & Francis. Restricted to UCSD IP addresses.$uhttps://www.taylorfrancis.com/books/9781317886464

