=LDR  02518cam a2200493Ii 4500
=001  TF9781315744858
=003  FlBoTFG
=005  20180331111825.0
=006  m\\\\\o\\d\\\\\\\\
=007  cr\\\\\\\\\\\\
=008  180331s2016\\\\nyua\\\\ob\\\\001\0\eng\d
=020  \\$a9781317593379 (e-book: PDF)$q(e-book : PDF)
=020  \\$z9781317593379$q(e-book: PDF)
=020  \\$z9781317593362$q(e-book: ePub)
=020  \\$z9781317593355$q(e-book: Mobi)
=020  \\$z9781138819061$q(hardback)
=020  \\$z9781138819078$q(paperback)
=020  \\$a9781315744858 (e-book)
=020  \\$a9781317593355 (e-book: Mobi)
=020  \\$a9781317593362 (e-book: ePub)
=020  \\$a9781138819061 (hardback)
=020  \\$a9781138819078 (paperback)
=024  7\$a10.4324/9781315744858 $2doi
=035  \\$a(OCoLC)953691862
=040  \\$aFlBoTFG$cFlBoTFG$erda$beng
=050  \4$aHQ71$b.S4119 2016
=082  04$a364.153$bS518
=245  00$aSexual deviance and society :$ba sociological approach /$c[edited by] Meredith G. F. Worthen.
=250  \\$aFirst edition.
=264  \1$aNew York :$bRoutledge,$c©2016.
=300  \\$a1 online resource (xxvi, 435 pages) :$billustrations, text file, PDF
=336  \\$atext$2rdacontent
=337  \\$acomputer$2rdamedia
=338  \\$aonline resource$2rdacarrier
=504  \\$aIncludes bibliographical references and index.
=505  0\$a1. Introduction and self-care -- Unit I: Sociology of deviance and sexuality -- 2. Defining deviance -- 3. Theories of crime and deviance -- 4. Social power and gender, sex, and sexuality -- 5. Gender and deviance / Meredith G. F. Worthen and Danielle Dirks -- Unit II: Sexual deviance -- 6. Defining sexual deviance -- 7. Historical perspectives on sexual deviance -- 8. Adolescent sexual deviance / Amanda E. Fehlbaum -- Unit III: Deviant sexual acts -- 9. Sex in public -- 10. Fetishes -- 11. Sex work / Chauntelle A. Tibbals -- Unit IV: Sex crimes and criminals -- 12. Rape and sexual assault -- 13. Sex crimes against children / Melissa S. Jones -- 14. Sex offenders and society -- 15. Concluding remarks.
=530  \\$aAlso available in print format.
=650  \0$aParaphilias.
=650  \0$aPublic sex.
=650  \0$aSex crimes.
=655  \7$aElectronic books.$2lcsh
=700  1\$aWorthen, Meredith Gwynne Fair.
=776  08$iPrint version: $z9781138819061$q(Hardback)$w(DLC) 2015050286
=793  0\$aTaylor & Francis online monographs (UCSD)
=856 40$zTaylor & Francis. Restricted to UCSD IP addresses.$uhttps://www.taylorfrancis.com/books/9781317593379

