=LDR  03465cam a2200553Ii 4500
=001  TF9781315720159
=003  FlBoTFG
=005  20180331111825.0
=006  m\\\\\o\\d\\\\\\\\
=007  cr\\\\\\\\\\\\
=008  180331s2016\\\\enkabf\\ob\\\\001\0\eng\d
=020  \\$a9781317518112 (e-book: PDF)$q(e-book : PDF)
=020  \\$z9781317518112$q(e-book: PDF)
=020  \\$z9781317518105$q(e-book: ePub)
=020  \\$z9781317518099$q(e-book: Mobi)
=020  \\$z9781138855731$q(hardback)
=020  \\$z9780815364702$q(paperback)
=020  \\$a9781315720159 (e-book)
=020  \\$a9781317518099 (e-book: Mobi)
=020  \\$a9781317518105 (e-book: ePub)
=020  \\$a9781138855731 (hardback)
=020  \\$a9780815364702 (paperback)
=024  7\$a10.4324/9781315720159 $2doi
=035  \\$a(OCoLC)958110104
=040  \\$aFlBoTFG$cFlBoTFG$erda$beng
=043  \\$aa-vt---
=050  \4$aHT147.V5$bB68 2016
=082  04$a307.76095973$bB777
=100  1\$aBousquet, Gisèle L.$q(Gisèle Luce),$d1952-,$eauthor.
=245  10$aUrbanization in Vietnam /$cGisèle Bousquet.
=264  \1$aLondon ;$aNew York :$bRoutledge,$c©2016.
=300  \\$a1 online resource (xvi, 148 pages) :$billustrations, text file, PDF
=336  \\$atext$2rdacontent
=337  \\$acomputer$2rdamedia
=338  \\$aonline resource$2rdacarrier
=490  1\$aRoutledge contemporary Southeast Asia series ;$v74
=504  \\$aIncludes bibliographical references (p. [137]-143) and index.
=505  0\$a1. Urban spacial reconfiguration -- 2. Land tenure, property rights, and urban development -- 3. Farming at the edge of the city -- 4. Making a living in the city -- 5. The urban village -- 6. Gender relations in the new urban landscape -- 7. Conclusion : the building of a global city.
=520  \\$a"Most studies on urbanisation focus on the move of rural people to cities and the impact this has, both on the cities to which the people have moved, and on the rural communities they have left. This book, on the other hand, considers the impact on rural communities of the physical expansion of cities. Based on extensive original research over a long period in one settlement, a rural commune which over the course of the last two decades has become engulfed by Hanoi's urban spread, the book explores what happens when village people become engulfed in the city - when agriculture is abandoned, population density rises, the value of land increases, people have to make a living in the city, and the dynamics of family life, including gender relations, are profoundly altered. This book charts these developments over time, and sets urbanisation in Vietnam in the wider context of urbanisation in Southeast Asia and Asia more generally"--$cProvided by publisher.
=530  \\$aAlso available in print format.
=650  \0$aUrbanization$zVietnam$zHanoi Region$xHistory$y20th century.
=650  \0$aUrbanization$zVietnam$zHanoi Region$xHistory$y21st century.
=651  \0$aHanoi Region (Vietnam)$xSocial conditions$y20th century.
=651  \0$aHanoi Region (Vietnam)$xSocial conditions$y21st century.
=651  \0$aVietnam$xRural conditions.
=655  \7$aElectronic books.$2lcsh
=776  08$iPrint version: $z9781138855731$q(Hardback)$w(DLC) 2015005695
=793  0\$aTaylor & Francis online monographs (UCSD)
=830  \0$aRoutledge contemporary Southeast Asia series ;$v74.
=856 40$zTaylor & Francis. Restricted to UCSD IP addresses.$uhttps://www.taylorfrancis.com/books/9781317518112

