=LDR  02944cam a2200517Ii 4500
=001  TF9781315730554
=003  FlBoTFG
=005  20180331111825.0
=006  m\\\\\o\\d\\\\\\\\
=007  cr\\\\\\\\\\\\
=008  180331s2016\\\\enka\\\\ob\\\\001\0\eng\d
=020  \\$a9781317549338 (e-book: PDF)$q(e-book : PDF)
=020  \\$z9781317549338$q(e-book: PDF)
=020  \\$z9781317549321$q(e-book: ePub)
=020  \\$z9781317549314$q(e-book: Mobi)
=020  \\$z9781138844223$q(hardback)
=020  \\$z9781138844230$q(paperback)
=020  \\$a9781315730554 (e-book)
=020  \\$a9781317549314 (e-book: Mobi)
=020  \\$a9781317549321 (e-book: ePub)
=020  \\$a9781138844223 (hardback)
=020  \\$a9781138844230 (paperback)
=024  7\$a10.4324/9781315730554 $2doi
=035  \\$a(OCoLC)958109633
=040  \\$aFlBoTFG$cFlBoTFG$erda$beng
=050  \4$aHT166$b.S58778 2016
=082  04$a307.76$bS636
=245  00$aSmart urbanism :$butopian vision or false dawn? /$cedited by Simon Marvin, Andres Luque-Ayala and Colin McFarlane.
=264  \1$aLondon ;$aNew York :$bRoutledge,$c©2016.
=300  \\$a1 online resource (xv, 196 pages) :$billustrations, text file, PDF
=336  \\$atext$2rdacontent
=337  \\$acomputer$2rdamedia
=338  \\$aonline resource$2rdacarrier
=504  \\$aIncludes bibliographical references and index.
=505  0\$a1. Introduction / Andres Luque-Ayala, Colin McFarlane and Simon Marvin -- 2. Smart cities and the politics of urban data / Rob Kitchin, Tracey P. Lauriault and Gavin McArdle -- 3. IBM and the visual formation of smart cities / Donald McNeill -- 4. The smart entrepreneurial city : Dholera and 100 other utopias in India / Ayona Datta -- 5. Getting smart about cities in Cape Town : beyond the rhetoric / Nancy Odendaal -- 6. Programming environments : environmentality and citizen sensing in the smart city / Jennifer Gabrys -- 7. Smart city initiatives and the Foucauldian logics of governing through code / Francisco R. Klauser and Ola Soderstrom -- 8. Geographies of smart urban power / Gareth Powells, Harriet Bulkeley and Anthony McLean -- 9. Test bed as urban epistemology / Nerea Calvillo ... [et al.] -- 10. Beyond the corporate smart city? Glimpses of other possibilities of smartness / Robert G. Hollands -- 11. Conclusion / Colin McFarlane, Simon Marvin and Andres Luque-Ayala.
=530  \\$aAlso available in print format.
=650  \0$aCity planning$xTechnological innovations.
=650  \0$aInformation technology.
=650  \0$aIntelligent sensors.
=650  \0$aUrbanization.
=655  \7$aElectronic books.$2lcsh
=700  1\$aLuque-Ayala, Andres.
=700  1\$aMarvin, Simon,$d1963-
=700  1\$aMcFarlane, Colin,$d1979-
=776  08$iPrint version: $z9781138844223$q(Hardback)$w(DLC) 2015024486
=793  0\$aTaylor & Francis online monographs (UCSD)
=856 40$zTaylor & Francis. Restricted to UCSD IP addresses.$uhttps://www.taylorfrancis.com/books/9781317549338

