=LDR  04153cam a2200505Ii 4500
=001  TF9781315869797
=003  FlBoTFG
=005  20180331111825.0
=006  m\\\\\o\\d\\\\\\\\
=007  cr\\\\\\\\\\\\
=008  180331s2015\\\\nyua\\\\ob\\\\001\0\eng\d
=020  \\$a9781317970767 (e-book: PDF)$q(e-book : PDF)
=020  \\$z9781317970767$q(e-book: PDF)
=020  \\$z9781317970750$q(e-book: ePub)
=020  \\$z9781317970743$q(e-book: Mobi)
=020  \\$z9780415832441$q(hardback)
=020  \\$z9780415832458$q(paperback)
=020  \\$a9781315869797 (e-book)
=020  \\$a9781317970743 (e-book: Mobi)
=020  \\$a9781317970750 (e-book: ePub)
=020  \\$a9780415832441 (hardback)
=020  \\$a9780415832458 (paperback)
=024  7\$a10.4324/9781315869797 $2doi
=035  \\$a(OCoLC)958100641
=040  \\$aFlBoTFG$cFlBoTFG$erda$beng
=050  \4$aQA278.6$b.F56 2015
=082  04$a519.535$bF492
=100  1\$aFinch, W. Holmes$q(William Holmes),$eauthor.
=245  10$aLatent variable modeling with R /$cW. Holmes Finch, Jr. [and] Brian F. French.
=264  \1$aNew York ;$aLondon :$bRoutledge,$c©2015.
=300  \\$a1 online resource (xvii, 321 pages) :$billustrations, text file, PDF
=336  \\$atext$2rdacontent
=337  \\$acomputer$2rdamedia
=338  \\$aonline resource$2rdacarrier
=504  \\$aIncludes bibliographical references and index.
=505  0\$ach. 1. Introduction to basic data handling in R -- ch. 2. Exploratory factor analysis -- ch. 3. Confirmatory factor analysis -- ch. 4. Foundations of structural equation modeling -- ch. 5. SEM for multiple groups, the MIMIC model, and latent means comparisons -- ch. 6. Further topics in SEM -- ch. 7. Growth curve modeling -- ch. 8. Mixture models -- ch. 9. Item response theory for dichotomous and polytomous items -- ch. 10. Further topics in item response theory -- ch. 11. Data simulation for latent variable modeling in R.
=520  \\$a"This text demonstrates how to conduct latent variable modeling in R. Techniques that can be analyzed using the free program R are showcased including exploratory and confirmatory factor analysis, structural equation modeling (SEM), latent growth curve modeling, item response theory (IRT), and latent class analysis. Easy to follow demonstrations of how to conduct latent variable modeling in R are provided along with descriptions of the major features of the models,their specialized uses, and a full interpretation of the results. Every R command necessary for conducting the analyses is described so readers can directly apply the R functions to their own data. Each chapter features a complete analysis of one or more example datasets including a demonstration of the analysis of the data using R, along with a discussion of relevant theory that includes a full description of the models, the assumptions underlying each model, and statistical details of estimation, hypothesis testing, and more to help readers better understand the models and interpret the results. Some of the examples represent data that is not perfectly "behaved" so as to provide a more realistic view of situations readers will likely encounter with their own data. Detailed explanations of input statements help readers generalize what they learn to their own analyses. Each chapter features an introduction, summary, and exercises involving the application of the model(s), and a list of further readings with an emphasis on related texts that provide more detailed theoretical coverage. A full glossary of the key terms, a cheat sheet that reviews the key R commands, and answers to half of the exercises are provided at the end of the book"--$cProvided by publisher.
=530  \\$aAlso available in print format.
=650  \0$aLatent structure analysis.
=650  \0$aLatent variables.
=650  \0$aR (Computer program language)
=655  \7$aElectronic books.$2lcsh
=700  1\$aFrench, Brian F.
=776  08$iPrint version: $z9780415832441$q(Hardback)$w(DLC) 2014049475
=793  0\$aTaylor & Francis online monographs (UCSD)
=856 40$zTaylor & Francis. Restricted to UCSD IP addresses.$uhttps://www.taylorfrancis.com/books/9781317970767

