=LDR  02067cam a2200505Ii 4500
=001  TF9781315744735
=003  FlBoTFG
=005  20180331111825.0
=006  m\\\\\o\\d\\\\\\\\
=007  cr\\\\\\\\\\\\
=008  180331s2017\\\\nyuad\\\ob\\\\001\0\eng\d
=020  \\$a9781317593010 (e-book: PDF)$q(e-book : PDF)
=020  \\$z9781317593010$q(e-book: PDF)
=020  \\$z9781317592990$q(e-book: Mobi)
=020  \\$z9781138819221$q(hardback)
=020  \\$z9781138819238$q(paperback)
=020  \\$a9781315744735 (e-book)
=020  \\$a9781317592990 (e-book: Mobi)
=020  \\$a9781138819221 (hardback)
=020  \\$a9781138819238 (paperback)
=024  7\$a10.4324/9781315744735 $2doi
=035  \\$a(OCoLC)938708565
=040  \\$aFlBoTFG$cFlBoTFG$erda$beng
=050  \4$aTR692$b.P46 2017
=082  04$a778.31$bP437
=100  1\$aPeres, Michael R.,$eauthor.
=245  10$aLaboratory photography and imaging :$bbest practices for photomicrography and more /$cMichael R. Peres ; with contributions by James Hayden, Staffan Larsson, and Ted Kinsman.
=264  \1$aNew York :$bRoutledge,$c©2017.
=300  \\$a1 online resource (xx, 370 pages) :$billustrations, text file, PDF
=336  \\$atext$2rdacontent
=337  \\$acomputer$2rdamedia
=338  \\$aonline resource$2rdacarrier
=490  0\$aApplications in scientific photography
=500  \\$a"A Focal Press book"--cover.
=504  \\$aIncludes bibliographical references and index.
=505  0\$apt. 1. Foundations, fundamentals, principles, and theory -- pt. 2. Applications, best practices, and methods.
=530  \\$aAlso available in print format.
=650  \0$aPhotography$xScientific applications.
=650  \0$aPhotomicrography.
=655  \7$aElectronic books.$2lcsh
=700  1\$aHayden, James.
=700  1\$aKinsman, Ted.
=700  1\$aLarsson, Staffan.
=776  08$iPrint version: $z9781138819221$q(Hardback)$w(DLC) 2016002689
=793  0\$aTaylor & Francis online monographs (UCSD)
=856 40$zTaylor & Francis. Restricted to UCSD IP addresses.$uhttps://www.taylorfrancis.com/books/9781317593010

