=LDR  02111cam a2200529Ii 4500
=001  TF9781315768342
=003  FlBoTFG
=005  20180331111825.0
=006  m\\\\\o\\d\\\\\\\\
=007  cr\\\\\\\\\\\\
=008  180331s2015\\\\nyu\\\\\ob\\\\001\0\eng\d
=020  \\$a9781317666165 (e-book: PDF)$q(e-book : PDF)
=020  \\$z9781317666165$q(e-book: PDF)
=020  \\$z9781317666158$q(e-book: ePub)
=020  \\$z9781317666141$q(e-book: Mobi)
=020  \\$z9781138784185$q(hardback)
=020  \\$z9781138784192$q(paperback)
=020  \\$a9781315768342 (e-book)
=020  \\$a9781317666141 (e-book: Mobi)
=020  \\$a9781317666158 (e-book: ePub)
=020  \\$a9781138784185 (hardback)
=020  \\$a9781138784192 (paperback)
=024  7\$a10.4324/9781315768342 $2doi
=035  \\$a(OCoLC)909901328
=040  \\$aFlBoTFG$cFlBoTFG$erda$beng
=050  \4$aPN98.E36$bH85 2015
=082  04$a809.9336$bH891
=100  1\$aHuggan, Graham,$d1958-,$eauthor.
=245  10$aPostcolonial ecocriticism :$bliterature, animals, environment /$cGraham Huggan and Helen Tiffin.
=250  \\$aSecond edition.
=264  \1$aNew York :$bRoutledge,$c©2015.
=300  \\$a1 online resource (x, 294 pages) :$btext file, PDF
=336  \\$atext$2rdacontent
=337  \\$acomputer$2rdamedia
=338  \\$aonline resource$2rdacarrier
=504  \\$aIncludes bibliographical references and index.
=505  0\$aDevelopment -- Entitlement -- Ivory and elephants -- Christianity, cannibalism and carnivory -- Agency, sex and emotion -- Postscript: After nature.
=530  \\$aAlso available in print format.
=650  \0$aAnimals in literature.
=650  \0$aEcocriticism.
=650  \0$aHuman ecology in literature.
=650  \0$aHuman-animal relationships in literature.
=650  \0$aPostcolonialism in literature.
=655  \7$aElectronic books.$2lcsh
=700  1\$aTiffin, Helen.
=776  08$iPrint version: $z9781138784185$q(Hardback)$w(DLC) 2014039647
=793  0\$aTaylor & Francis online monographs (UCSD)
=856 40$zTaylor & Francis. Restricted to UCSD IP addresses.$uhttps://www.taylorfrancis.com/books/9781317666165

