=LDR  03037cam a2200541Ii 4500
=001  TF9781315536095
=003  FlBoTFG
=005  20180330125217.0
=006  m\\\\\o\\d\\\\\\\\
=007  cr\\\\\\\\\\\\
=008  180331s2017\\\\nyu\\\\\ob\\\\001\0\eng\d
=020  \\$a9781315536088 (e-book: PDF)$q(e-book : PDF)
=020  \\$z9781315536088$q(e-book: PDF)
=020  \\$z9781315536071$q(e-book: ePub)
=020  \\$z9781315536064$q(e-book: Mobi)
=020  \\$z9781138689374$q(hardback)
=020  \\$z9781138495241$q(paperback)
=020  \\$a9781315536095 (e-book)
=020  \\$a9781315536064 (e-book: Mobi)
=020  \\$a9781315536071 (e-book: ePub)
=020  \\$a9781138689374 (hardback)
=020  \\$a9781138495241 (paperback)
=035  \\$a(OCoLC)954616957
=040  \\$aFlBoTFG$cFlBoTFG$erda$beng
=043  \\$aaw-----
=050  \4$aJZ6009.M628$bI58 2017
=082  04$a363.325095691$bI612
=245  00$aInternational organizations and the rise of ISIL :$bglobal responses to human security threats /$cedited by Daniel Silandifer, Don Wallace and John Janzekovic.
=264  \1$aNew York, N.Y. :$bRoutledge,$c©2017.
=300  \\$a1 online resource (viii, 218 pages) :$btext file, PDF
=336  \\$atext$btxt$2rdacontent
=337  \\$acomputer$bc$2rdamedia
=338  \\$aonline resource$bcr$2rdacarrier
=490  1\$aGlobal politics and the responsibility to protect
=504  \\$aIncludes bibliographical references and index.
=505  0\$a1. Introduction : ISIL and international responses on Security / Daniel Silandifer, Don Wallace and John Janzekovic -- 2. The rise of the Islamic state of Iraq and the Levant (ISIL) / John Janzekovic -- 3. Association of Southeast Asian Nations (ASEAN) / Darlene Budd -- 4. European Union (EU) / Martin Nilsson -- 5. G family (G7/8/20) / Niall Michelsen -- 6. Gulf Cooperation Council (GCC) / Ilu Musa and Don Wallace -- 7. International Criminal Court (ICC) / Don Wallace -- 8. League of Arab States (LAS) / Craig McLean -- 9. North Atlantic Treaty Organization (NATO) / Daniel Silandifer -- 10. Organization of the Petroleum Exporting Countries (OPEC) / Martin Nilsson -- 11. Organization of the Islamic Conference (OIC) / Melinda Negron-Gonzales -- 12. Concluding remarks : international organizations on the threat of ISIL / Don Wallace, Daniel Silandifer and John Janzekovic.
=530  \\$aAlso available in print format.
=610  20$aIS (Organization)
=650  \0$aHuman security$zMiddle East$xInternational cooperation.
=650  \0$aInternational agencies$zMiddle East.
=650  \0$aSecurity, International$zMiddle East.
=655  \7$aElectronic books.$2lcsh
=700  1\$aJanzekovic, John.
=700  1\$aSilandifer, Daniel,$d1972-
=700  1\$aWallace, Don,$d1932-
=776  08$iPrint version: $z9781138689374(Hardback)$w 2016007815
=793  0\$aTaylor & Francis online monographs (UCSD)
=830  \0$aGlobal politics and the responsibility to protect.
=856 40$zTaylor & Francis. Restricted to UCSD IP addresses.$uhttps://www.taylorfrancis.com/books/9781315536088

