=LDR  03521cam a2200541Ii 4500
=001  TF9781315750941
=003  FlBoTFG
=005  20180331111825.0
=006  m\\\\\o\\d\\\\\\\\
=007  cr\\\\\\\\\\\\
=008  180331s2016\\\\enk\\\\\ob\\\\001\0\eng\d
=020  \\$a9781317613671 (e-book: PDF)$q(e-book : PDF)
=020  \\$z9781317613671$q(e-book: PDF)
=020  \\$z9781317613664$q(e-book: ePub)
=020  \\$z9781317613657$q(e-book: Mobi)
=020  \\$z9781138807648$q(hardback)
=020  \\$z9781138807655$q(paperback)
=020  \\$a9781315750941 (e-book)
=020  \\$a9781317613657 (e-book: Mobi)
=020  \\$a9781317613664 (e-book: ePub)
=020  \\$a9781138807648 (hardback)
=020  \\$a9781138807655 (paperback)
=024  7\$a10.4324/9781315750941 $2doi
=035  \\$a(OCoLC)953691649
=040  \\$aFlBoTFG$cFlBoTFG$erda$beng
=050  \4$aGV706.4$b.G736 2016
=082  04$a613.71$bG795
=245  00$aGreen exercise :$blinking nature, health and well-being /$cedited by Jo Barton, Rachel Bragg, Carly Wood and Jules Pretty.
=264  \1$aLondon ;$aNew York :$bRoutledge is an imprint of the Taylor & Francis Group, an Informa Business,$c©[2016]
=300  \\$a1 online resource (xv, 211 pages) :$btext file, PDF
=336  \\$atext$2rdacontent
=337  \\$acomputer$2rdamedia
=338  \\$aonline resource$2rdacarrier
=504  \\$aIncludes bibliographical references (p. [167]-204) and index.
=505  0\$a1. The seven heresies of Asclepius : behaviours that affect well-being / Jules Pretty and David Pencheon -- 2. Nature in buildings and health design / Stephen R. Kellert -- 3. Green exercise, health and a dose of nature / Jo Barton, Carly Wood, Jules Pretty and Mike Rogerson -- 4. How to get more out of the green exercise experience : insights from attention restoration theory / Jason Duvall and William C. Sullivan -- 5. The benefits of green exercise for children / Carly Wood, Rachel Bragg and Jules Pretty -- 6. Learning on the move : green exercise for children and young people / Liz O'Brien, Bianca Ambrose-Oji, Sue Waite, Jennie Aronsson and Maria Clark -- 7. The health benefits of blue exercise in the UK / Mathew P. White ...[et al.] -- 8. Forest bathing in Japan / Qing Li -- 9. Healthy parks, healthy people : evidence from Australia / Mardie Townsend and Claire Henderson-Wilson -- 10. Green care : nature-based interventions for vulnerable people / Joe Sempik and Rachel Bragg -- 11. Care farming and probation in the UK / Helen Elsey, Jenni Murray and Rochelle Gold -- 12. Wilderness and youth at risk : approaches for positive behaviour change through the outdoors / Jo Roberts, Jo Barton and Carly Wood -- 13. Green exercise in the workplace / Valerie Gladwell and Dan Brown -- 14. Green exercise and dementia / Neil Mapes -- 15. The benefits of greener and healthier economies / Jules Pretty and Jo Barton.
=530  \\$aAlso available in print format.
=650  \0$aExercise$xPsychological aspects.
=650  \0$aNature$xPsychological aspects.
=650  \0$aNature, Healing power of.
=650  \0$aOutdoor recreation$xPsychological aspects.
=650  \0$aWell-being.
=655  \7$aElectronic books.$2lcsh
=700  1\$aBarton, Jo.
=700  1\$aBragg, Rachel.
=700  1\$aPretty, Jules.
=700  1\$aWood, Carly.
=776  08$iPrint version: $z9781138807648$q(Hardback)$w(DLC) 2015049599
=793  0\$aTaylor & Francis online monographs (UCSD)
=856 40$zTaylor & Francis. Restricted to UCSD IP addresses.$uhttps://www.taylorfrancis.com/books/9781317613671

