=LDR  02478cam a2200469Ii 4500
=001  TF9781315716510
=003  FlBoTFG
=005  20180331111825.0
=006  m\\\\\o\\d\\\\\\\\
=007  cr\\\\\\\\\\\\
=008  180331s2016\\\\nyuad\\\ob\\\\001\0\eng\d
=020  \\$a9781317507222 (e-book: PDF)$q(e-book : PDF)
=020  \\$z9781317507222$q(e-book: PDF)
=020  \\$z9781317507215$q(e-book: ePub)
=020  \\$z9781317507208$q(e-book: Mobi)
=020  \\$z9781138860346$q(hardback)
=020  \\$a9781315716510 (e-book)
=020  \\$a9781317507208 (e-book: Mobi)
=020  \\$a9781317507215 (e-book: ePub)
=020  \\$a9781138860346 (hardback)
=024  7\$a10.4324/9781315716510 $2doi
=035  \\$a(OCoLC)958108154
=040  \\$aFlBoTFG$cFlBoTFG$erda$beng
=050  \4$aR149$b.M3628 2016
=082  04$a610$bM489
=245  00$aMedical innovation :$bscience, technology and practice /$cedited by Davide Consoli .. [et al.].
=264  \1$aNew York :$bRoutledge,$c©2016.
=300  \\$a1 online resource (xxvi, 185 pages) :$billustrations, text file, PDF
=336  \\$atext$2rdacontent
=337  \\$acomputer$2rdamedia
=338  \\$aonline resource$2rdacarrier
=490  1\$aRoutledge international studies in health economics
=504  \\$aIncludes bibliographical references and index.
=505  0\$a1. The intra-ocular lens revolution / Stan Metcalfe, Andrea Mina and Andrew James -- 2. Coronary artery disease / Andrea Mina ... [et al.] -- 3. The evolution of the left ventricular assist device as a treatment for heart failure / Piera Morlacchi and Richard R. Nelson -- 4. Uncertainty in the hybridisation of new medical devices : the artificial disc case / David Barbera-Tomas -- 5. Technological accretion in diagnostics : HPV testing and cytology in cervical cancer screening / Stuart Hogarth, Michael Hopkins and Daniele Rotolo -- 6. Poliomyelitis vaccine innovation / Ohid Yaqub -- 7. Glaucoma : the silent thief of sight / Davide Consoli and Ronnie Ramlogan.
=530  \\$aAlso available in print format.
=650  \0$aMedical innovations$xHistory.
=650  \0$aMedical innovations.
=655  \7$aElectronic books.$2lcsh
=700  1\$aConsoli, Davide.
=776  08$iPrint version: $z9781138860346$q(Hardback)$w(DLC) 2015020121
=793  0\$aTaylor & Francis online monographs (UCSD)
=830  \0$aRoutledge international studies in health economics.
=856 40$zTaylor & Francis. Restricted to UCSD IP addresses.$uhttps://www.taylorfrancis.com/books/9781317507222

