=LDR  01830cam a2200445Ii 4500
=001  TF9781315689975
=003  FlBoTFG
=005  20180331111825.0
=006  m\\\\\o\\d\\\\\\\\
=007  cr\\\\\\\\\\\\
=008  180331s2017\\\\nyug\\\\ob\\\\001\0\eng\d
=020  \\$a9781317425755 (e-book: PDF)$q(e-book : PDF)
=020  \\$z9781317425755$q(e-book: PDF)
=020  \\$z9781317425731$q(e-book: Mobi)
=020  \\$z9781138915886$q(hardback)
=020  \\$z9781138915893$q(paperback)
=020  \\$a9781315689975 (e-book)
=020  \\$a9781317425731 (e-book: Mobi)
=020  \\$a9781138915886 (hardback)
=020  \\$a9781138915893 (paperback)
=024  7\$a10.4324/9781315689975 $2doi
=035  \\$a(OCoLC)970384454
=040  \\$aFlBoTFG$cFlBoTFG$erda$beng
=050  \4$aMT6$b.B643 2017
=082  04$a781$bB644
=100  1\$aBlatter, Alfred,$d1937-,$eauthor.
=245  10$aRevisiting music theory :$bbasic principles /$cAlfred Blatter.
=250  \\$aSecond edition.
=264  \1$aNew York :$bRoutledge,$c©2017.
=300  \\$a1 online resource (xii, 413 pages) :$btext file, PDF
=336  \\$atext$2rdacontent
=337  \\$acomputer$2rdamedia
=338  \\$aonline resource$2rdacarrier
=504  \\$aIncludes bibliographical references and index.
=505  0\$apt. 1. Notation : the symbols of music -- pt. 2. Melody : note following note -- pt. 3. Harmony : note(s) with note(s) -- pt. 4. Melodies in harmony -- pt. 5. Textures, structures, techniques, and forms -- pt. 6. Appendices.
=530  \\$aAlso available in print format.
=650  \0$aMusic theory.
=655  \7$aElectronic books.$2lcsh
=776  08$iPrint version: $z9781138915886(Hardback)$w 2016030134
=793  0\$aTaylor & Francis online monographs (UCSD)
=856 40$zTaylor & Francis. Restricted to UCSD IP addresses.$uhttps://www.taylorfrancis.com/books/9781317425755

