=LDR  01940cam a2200481Ii 4500
=001  TF9781315725000
=003  FlBoTFG
=005  20180331111825.0
=006  m\\\\\o\\d\\\\\\\\
=007  cr\\\\\\\\\\\\
=008  180331s2016\\\\enka\\\\ob\\\\001\0\eng\d
=020  \\$a9781317532651 (e-book: PDF)$q(e-book : PDF)
=020  \\$z9781317532651$q(e-book: PDF)
=020  \\$z9781317532644$q(e-book: ePub)
=020  \\$z9781317532637$q(e-book: Mobi)
=020  \\$z9781138845343$q(hardback)
=020  \\$z9781138845411$q(paperback)
=020  \\$a9781315725000 (e-book)
=020  \\$a9781317532637 (e-book: Mobi)
=020  \\$a9781317532644 (e-book: ePub)
=020  \\$a9781138845343 (hardback)
=020  \\$a9781138845411 (paperback)
=024  7\$a10.4324/9781315725000 $2doi
=035  \\$a(OCoLC)950739109
=040  \\$aFlBoTFG$cFlBoTFG$erda$beng
=050  \4$aRC489.C63$bO45 2016
=082  04$a616.891425$bO482
=100  1\$aOliveira, Irismar Reis de.,$eauthor.
=245  10$aTrial-based cognitive therapy :$bdistinctive features /$cIrismar Reis De Oliveira.
=264  \1$aLondon ;$aNew York :$bRoutledge,$c©2016.
=300  \\$a1 online resource (xviii, 155 pages) :$billustrations, text file, PDF
=336  \\$atext$2rdacontent
=337  \\$acomputer$2rdamedia
=338  \\$aonline resource$2rdacarrier
=490  1\$aCBT distinctive features series
=504  \\$aIncludes bibliographical references and index.
=505  0\$apt. 1. The distinctive theoretical features of TBCT -- pt. 2. The distinctive practical features of TBCT.
=530  \\$aAlso available in print format.
=650  \0$aCognitive therapy.
=655  \7$aElectronic books.$2lcsh
=776  08$iPrint version: $z9781138845343$q(Hardback)$w(DLC) 2015040438
=793  0\$aTaylor & Francis online monographs (UCSD)
=830  \0$aCBT distinctive features series.
=856 40$zTaylor & Francis. Restricted to UCSD IP addresses.$uhttps://www.taylorfrancis.com/books/9781317532651

