=LDR  01947cam a2200481Ii 4500
=001  TF9781315688725
=003  FlBoTFG
=005  20180331111825.0
=006  m\\\\\o\\d\\\\\\\\
=007  cr\\\\\\\\\\\\
=008  180331s2016\\\\nyua\\\\ob\\\\001\0\eng\d
=020  \\$a9781317422006 (e-book: PDF)$q(e-book : PDF)
=020  \\$z9781317422006$q(e-book: PDF)
=020  \\$z9781317421993$q(e-book: ePub)
=020  \\$z9781317421986$q(e-book: Mobi)
=020  \\$z9780415708166$q(hardback)
=020  \\$a9781315688725 (e-book)
=020  \\$a9781317421986 (e-book: Mobi)
=020  \\$a9781317421993 (e-book: ePub)
=020  \\$a9780415708166 (hardback)
=024  7\$a10.4324/9781315688725 $2doi
=035  \\$a(OCoLC)958106970
=040  \\$aFlBoTFG$cFlBoTFG$erda$beng
=050  \4$aRC454.4$b.P45 2016
=082  04$a616.89$bP568
=130  0\$aPhilosophy and psychiatry (Moseley)
=245  10$aPhilosophy and psychiatry :$bproblems, intersections, and new perspectives /$cedited by Daniel Moseley and Gary Gala.
=264  \1$aNew York :$bRoutledge,$c©2016.
=300  \\$a1 online resource (xvi, 304 pages) :$billustrations, text file, PDF
=336  \\$atext$2rdacontent
=337  \\$acomputer$2rdamedia
=338  \\$aonline resource$2rdacarrier
=504  \\$aIncludes bibliographical references and index.
=505  0\$apt. 1. Psychiatric diagnosis and agency -- pt. 2. Ethical dimensions of psychiatric treatment -- pt. 3. Philosophy out of psychiatry.
=530  \\$aAlso available in print format.
=650  \0$aPsychiatry$xPhilosophy.
=650  \0$aPsychology and philosophy.
=650  \0$aPsychology, Pathological.
=655  \7$aElectronic books.$2lcsh
=700  1\$aGala, Gary.
=700  1\$aMoseley, Daniel.
=776  08$iPrint version: $z9780415708166(Hardback)$w 2015007721
=793  0\$aTaylor & Francis online monographs (UCSD)
=856 40$zTaylor & Francis. Restricted to UCSD IP addresses.$uhttps://www.taylorfrancis.com/books/9781317422006

