=LDR  01938cam a2200493Ii 4500
=001  TF9781136794728
=003  FlBoTFG
=005  20180331102139.0
=006  m\\\\\o\\d\\\\\\\\
=007  cr\\\\\\\\\\\\
=008  180331r20032000enk\\\\\ob\\\\001\0\eng\d
=020  \\$a9780203826522 (e-book)$q(e-book: PDF)
=020  \\$z9780203826522$q(e-book : PDF)
=020  \\$z9781138169678$q(hardback)
=020  \\$z9780415286039$q(paperback)
=020  \\$z9781136794711$q(e-book: ePub)
=020  \\$z9781136794674$q(e-book: Mobi)
=020  \\$a9781136794728 (e-book: PDF)
=020  \\$a9781136794674 (e-book: Mobi)
=020  \\$a9781136794711 (e-book: ePub)
=020  \\$a9781138169678 (hardback)
=020  \\$a9780415286039 (paperback)
=024  7\$a10.4324/9780203826522 $2doi
=035  \\$a(OCoLC)828735866
=040  \\$aFlBoTFG$cFlBoTFG$erda$beng
=050  \4$aR149$b.C66 2003
=082  04$a610.9$bC737
=245  00$aCompanion to medicine in the twentieth century /$cedited by Roger Cooter and John Pickstone.
=264  \1$aLondon ;$aNew York :$bRoutledge,$c©2003.
=300  \\$a1 online resource (xix, 756 pages) :$btext file, PDF
=336  \\$atext$2rdacontent
=337  \\$acomputer$2rdamedia
=338  \\$aonline resource$2rdacarrier
=490  0\$aWorld reference series
=500  \\$a"First published by Harwood Academic Publishers imprint, part of the Gordon and Breach Publishing Group 2000"--T.p. verso.
=504  \\$aIncludes bibliographical references and index.
=505  0\$aPower -- Bodies -- Experiences.
=530  \\$aAlso available in print format.
=650  \0$aMedicine$xHistory$y20th century.
=655  \7$aElectronic books.$2lcsh
=700  1\$aCooter, Roger.
=700  1\$aPickstone, John V.
=776  08$iPrint version: $z9781138169678(Hardback)
=793  0\$aTaylor & Francis online monographs (UCSD)
=856 40$zTaylor & Francis. Restricted to UCSD IP addresses.$uhttps://www.taylorfrancis.com/books/9781136794728

