=LDR  02824cam a2200469Ii 4500
=001  TF9781315310497
=003  FlBoTFG
=005  20180330125217.0
=006  m\\\\\o\\d\\\\\\\\
=007  cr\\\\\\\\\\\\
=008  180331s2017\\\\nyu\\\\\ob\\\\001\0deng\d
=020  \\$a9781315310480 (e-book: PDF)$q(e-book : PDF)
=020  \\$z9781315310480$q(e-book: PDF)
=020  \\$z9781315310466$q(e-book: Mobi)
=020  \\$z9781138233065$q(hardback)
=020  \\$a9781315310497 (e-book)
=020  \\$a9781315310466 (e-book: Mobi)
=020  \\$a9781138233065 (hardback)
=024  7\$a10.4324/9781315310497 $2doi
=035  \\$a(OCoLC)967736845
=040  \\$aFlBoTFG$cFlBoTFG$erda$beng
=050  \4$aB3317$b.N4493 2017
=082  04$a193$bN677
=245  00$aNietzsche and the philosophers /$cedited by Mark T. Conard.
=250  \\$aFirst edition.
=264  \1$aNew York :$bRoutledge,$c©2017.
=300  \\$a1 online resource (vi, 229 pages) :$btext file, PDF
=336  \\$atext$btxt$2rdacontent
=337  \\$acomputer$bc$2rdamedia
=338  \\$aonline resource$bcr$2rdacarrier
=490  1\$aRoutledge studies in nineteenth-century philosophy ;$v11
=504  \\$aIncludes bibliographical references and index.
=505  0\$a1. Nietzsche's place in the Aristotelian history of philosophy / Paul S. Loeb -- 2. Twilight of an idol : Nietzsche's affirmation of Socrates / Daniel Conway -- 3. Nietzsche's subversive rewritings of Phaedo-Platonism / Mark Andiferson -- 4. Nietzsche and Anaximandifer : the innocence of becoming, or life without a mortgage / Gary Shapiro -- 5. The pivot of Nihilism : Buddha through Nietzsche's eyes / Douglas L. Berger -- 6. Nietzsche and Epicurus : in search of the heroic-idyllic / Keith Ansell-Pearson -- 7. Nietzsche and Hume on the genealogy and psychology of religion / Mark T. Conard -- 8. Nietzsche's critique : reading Kant's critical philosophy / Babette Babich -- 9. Nietzsche and Schopenhauer : "For me what mattered was the human being" / Anthony K. Jensen -- 10. Emerson recomposed : Nietzsche's uses of his American 'soul-brother' / David La Rocca -- 11. Nietzsche and Bernard Williams : pessimism, naturalism, and truth / Rex Welshon -- 12. The obstinance of voice : Rousseau and Nietzsche on music, language, and human association / Tracy B. Strong.
=530  \\$aAlso available in print format.
=600  10$aNietzsche, Friedrich Wilhelm,$d1844-1900.
=650  \0$aPhilosophers.
=650  \0$aPhilosophy.
=655  \7$aElectronic books.$2lcsh
=700  1\$aConard, Mark T.,$d1965-
=776  08$iPrint version: $z9781138233065(Hardback)$w 2016038388
=793  0\$aTaylor & Francis online monographs (UCSD)
=830  \0$aRoutledge studies in nineteenth-century philosophy ;$v11.
=856 40$zTaylor & Francis. Restricted to UCSD IP addresses.$uhttps://www.taylorfrancis.com/books/9781315310480

