=LDR  02577cam a2200505Ii 4500
=001  TF9781315707228
=003  FlBoTFG
=005  20180331111825.0
=006  m\\\\\o\\d\\\\\\\\
=007  cr\\\\\\\\\\\\
=008  180331s2016\\\\enk\\\\\ob\\\\001\0\eng\d
=020  \\$a9781317479215 (e-book: PDF)$q(e-book : PDF)
=020  \\$z9781317479215$q(e-book: PDF)
=020  \\$z9781317479208$q(e-book: ePub)
=020  \\$z9781317479192$q(e-book: Mobi)
=020  \\$z9781138848153$q(hardback)
=020  \\$z9781138848177$q(paperback)
=020  \\$a9781315707228 (e-book)
=020  \\$a9781317479192 (e-book: Mobi)
=020  \\$a9781317479208 (e-book: ePub)
=020  \\$a9781138848153 (hardback)
=020  \\$a9781138848177 (paperback)
=024  7\$a10.4324/9781315707228 $2doi
=035  \\$a(OCoLC)950414643
=040  \\$aFlBoTFG$cFlBoTFG$erda$beng
=050  \4$aP306.93$b.F79 2016
=082  04$a418.020871$bF948
=100  1\$aFryer, Louise.,$eauthor.
=245  13$aAn Introduction to audio description :$ba pratical guide /$cLouise Fryer.
=264  \1$aLondon ;$aNew York :$bRoutledge,$c©2016.
=300  \\$a1 online resource (xviii, 193 pages) :$btext file, PDF
=336  \\$atext$2rdacontent
=337  \\$acomputer$2rdamedia
=338  \\$aonline resource$2rdacarrier
=490  1\$aTranslation practices explained
=504  \\$aIncludes bibliographical references and index.
=505  0\$a1. Introducing audio description -- 2. A brief history, legislation and guidelines -- 3. Putting the audio into audio description -- 4. The audience for audio description -- 5. Audio description skills : writing -- 6. Audio description skills : script preparation -- 7. Audio description skills : delivery -- 8. Beyond the basics : audio description by genre -- 9. Beyond the basics : text on screen -- 10. Beyond the basics : accessible filmmaking and describing camerawork -- 11. Audio description and censorship -- 12. Audio introductions -- 13. Contentious issues and future directions in audio description -- 14. Afterword.
=530  \\$aAlso available in print format.
=650  \0$aAudio-visual equipment$vTechnological innovations.
=650  \0$aMultimedia systems$xResearch.
=650  \0$aTranslating and interpreting$vTechnological innovations.
=655  \7$aElectronic books.$2lcsh
=776  08$iPrint version: $z9781138848153$q(Hardback)$w(DLC) 2015046903
=793  0\$aTaylor & Francis online monographs (UCSD)
=830  \0$aTranslation practices explained.
=856 40$zTaylor & Francis. Restricted to UCSD IP addresses.$uhttps://www.taylorfrancis.com/books/9781317479215

