=LDR  02240cam a2200493Ii 4500
=001  TF9781315721033
=003  FlBoTFG
=005  20180331111825.0
=006  m\\\\\o\\d\\\\\\\\
=007  cr\\\\\\\\\\\\
=008  180331s2016\\\\nyua\\\\ob\\\\001\0\eng\d
=020  \\$a9781317520788 (e-book: PDF)$q(e-book : PDF)
=020  \\$z9781317520788$q(e-book: PDF)
=020  \\$z9781317520771$q(e-book: ePub)
=020  \\$z9781317520764$q(e-book: Mobi)
=020  \\$z9781138854550$q(hardback)
=020  \\$z9781138854567$q(paperback)
=020  \\$a9781315721033 (e-book)
=020  \\$a9781317520764 (e-book: Mobi)
=020  \\$a9781317520771 (e-book: ePub)
=020  \\$a9781138854550 (hardback)
=020  \\$a9781138854567 (paperback)
=024  7\$a10.4324/9781315721033 $2doi
=035  \\$a(OCoLC)958108256
=040  \\$aFlBoTFG$cFlBoTFG$erda$beng
=050  \4$aLC192.2$b.B47 2016
=082  04$a303.3720711$bB511
=100  1\$aBerila, Beth.,$eauthor.
=245  10$aIntegrating mindfulness into anti-oppression pedagogy :$bsocial justice in higher education /$cBeth Berila.
=264  \1$aNew York ;$aLondon :$bRoutledge,$c©2016.
=300  \\$a1 online resource (xv, 181 pages) :$billustrations, text file, PDF
=336  \\$atext$2rdacontent
=337  \\$acomputer$2rdamedia
=338  \\$aonline resource$2rdacarrier
=504  \\$aIncludes bibliographical references and index.
=505  0\$a1. Mindful anti-oppression pedagogy -- 2. Bringing the body back in -- 3. Recognizing and unlearning internalized oppression -- 4. Dismantling privilege with mindful listening -- 5. Reframing student resistance as mindful dissonance -- 6. Critiques and challenges of mindful anti-oppression pedagogy -- 7. Building empowered, compassionate communities.
=530  \\$aAlso available in print format.
=650  \0$aCritical pedagogy.
=650  \0$aMindfulness (Psychology)
=650  \0$aOppression (Psychology)
=650  \0$aSocial justice$xStudy and teaching (Higher)
=655  \7$aElectronic books.$2lcsh
=776  08$iPrint version: $z9781138854550$q(Hardback)$w(DLC) 2015010139
=793  0\$aTaylor & Francis online monographs (UCSD)
=856 40$zTaylor & Francis. Restricted to UCSD IP addresses.$uhttps://www.taylorfrancis.com/books/9781317520788

