=LDR  02186cam a2200553Ii 4500
=001  TF9781315842448
=003  FlBoTFG
=005  20180331111825.0
=006  m\\\\\o\\d\\\\\\\\
=007  cr\\\\\\\\\\\\
=008  180331r20142001enkb\\\\ob\\\\001\0\eng\d
=020  \\$a9781317888895 (e-book: PDF)$q(e-book : PDF)
=020  \\$z9781317888895$q(e-book: PDF)
=020  \\$z9781317888888$q(e-book: ePub)
=020  \\$z9781317888871$q(e-book: Mobi)
=020  \\$z9781138133259$q(hardback)
=020  \\$z9780582286924$q(paperback)
=020  \\$a9781315842448 (e-book)
=020  \\$a9781317888871 (e-book: Mobi)
=020  \\$a9781317888888 (e-book: ePub)
=020  \\$a9781138133259 (hardback)
=020  \\$a9780582286924 (paperback)
=024  7\$a10.4324/9781315842448 $2doi
=035  \\$a(OCoLC)958100997
=040  \\$aFlBoTFG$cFlBoTFG$erda$beng
=043  \\$ae-sp---
=050  \4$aHN583$b.R85 2014
=082  04$a306.0946$bR934
=100  1\$aRuiz, Teofilo F.,$d1943-,$eauthor.
=245  10$aSpanish society, 1400-1600 /$cTeofilo F. Ruiz.
=264  \1$aLondon ;$aNew York :$bRoutledge,$c©2014.
=300  \\$a1 online resource (xv, 286 pages) :$btext file, PDF
=336  \\$atext$2rdacontent
=337  \\$acomputer$2rdamedia
=338  \\$aonline resource$2rdacarrier
=490  1\$aSocial history of Europe
=500  \\$a"First published 2001 by Pearson Education Limited"--T.p. verso.
=504  \\$aIncludes bibliographical references and index.
=505  0\$apt. 1. The geography and political setting -- pt. 2. A society of orders -- pt. 3. The structures of everyday life.
=530  \\$aAlso available in print format.
=650  \0$aSocial classes$zSpain.
=651  \0$aSpain$xHistory$y711-1516.
=651  \0$aSpain$xHistory$yHouse of Austria, 1516-1700.
=651  \0$aSpain$xSocial conditions$yto 1800.
=651  \0$aSpain$xSocial life and customs.
=655  \7$aElectronic books.$2lcsh
=776  08$iPrint version: $z9781138133259$q(Hardback)
=793  0\$aTaylor & Francis online monographs (UCSD)
=830  \0$aSocial history of Europe (Routledge (Firm))
=856 40$zTaylor & Francis. Restricted to UCSD IP addresses.$uhttps://www.taylorfrancis.com/books/9781317888895

