=LDR  02669cam a2200517Ii 4500
=001  TF9781315627540
=003  FlBoTFG
=005  20180331111825.0
=006  m\\\\\o\\d\\\\\\\\
=007  cr\\\\\\\\\\\\
=008  180331s2016\\\\enk\\\\\ob\\\\001\0\eng\d
=020  \\$a9781317238355 (e-book: PDF)$q(e-book : PDF)
=020  \\$z9781317238355$q(e-book: PDF)
=020  \\$z9781317238348$q(e-book: ePub)
=020  \\$z9781317238331$q(e-book: Mobi)
=020  \\$z9781138801813$q(hardback)
=020  \\$z9781138801820$q(paperback)
=020  \\$a9781315627540 (e-book)
=020  \\$a9781317238331 (e-book: Mobi)
=020  \\$a9781317238348 (e-book: ePub)
=020  \\$a9781138801813 (hardback)
=020  \\$a9781138801820 (paperback)
=024  7\$a10.4324/9781315627540 $2doi
=035  \\$a(OCoLC)945771760
=040  \\$aFlBoTFG$cFlBoTFG$erda$beng
=043  \\$ae------
=050  \4$aB802$b.T467 2016
=082  04$a190.9033$bT443
=245  00$aThinking about the Enlightenment :$bmodernity and its ramifications /$cedited by Martin L. Davies.
=264  \1$aLondon ;$aNew York :$bRoutledge,$c©2016.
=300  \\$a1 online resource (xiv, 276 pages) :$btext file, PDF
=336  \\$atext$2rdacontent
=337  \\$acomputer$2rdamedia
=338  \\$aonline resource$2rdacarrier
=500  \\$aCollection of 13 essays.
=504  \\$aIncludes bibliographical references and index.
=505  0\$apt. 1. Thinking about Kant and the Enlightenment -- pt. 2. Thinking about Enlightenment and politics -- pt. 3. Thinking about Enlightenment and religion -- pt. 4. Thinking about Enlightenment and gender -- pt. 5. Thinking about Enlightenment and its limits -- pt. 6. Postscripts : thinking about Enlightenment thinking.
=520  \\$a"Thinking about the Enlightenment looks beyond the current parameters of studying the Enlightenment, to the issues that can be understood by reflecting on the period in a broader context. Each of the thirteen original chapters, by an international and interdisciplinary team of contributors, illustrates the problematic legacy of the Enlightenment and the continued ramifications of its thinking since the eighteenth century"--$cProvided by publisher.
=530  \\$aAlso available in print format.
=650  \0$aEnlightenment$zEurope$xInfluence.
=650  \0$aEnlightenment$zEurope.
=651  \0$aEurope$xIntellectual life$y18th century.
=655  \7$aElectronic books.$2lcsh
=700  1\$aDavies, Martin L.
=776  08$iPrint version: $z9781138801813(Hardback)$w 2015039730
=793  0\$aTaylor & Francis online monographs (UCSD)
=856 40$zTaylor & Francis. Restricted to UCSD IP addresses.$uhttps://www.taylorfrancis.com/books/9781317238355

