=LDR  02763cam a2200517Ii 4500
=001  TF9781315672731
=003  FlBoTFG
=005  20180331111825.0
=006  m\\\\\o\\d\\\\\\\\
=007  cr\\\\\\\\\\\\
=008  180331s2016\\\\nyua\\\\ob\\\\001\0\eng\d
=020  \\$a9781317374053 (e-book: PDF)$q(e-book : PDF)
=020  \\$z9781317374053$q(e-book: PDF)
=020  \\$z9781317374046$q(e-book: ePub)
=020  \\$z9781317374039$q(e-book: Mobi)
=020  \\$z9781138943117$q(hardback)
=020  \\$z9781138057913$q(paperback)
=020  \\$a9781315672731 (e-book)
=020  \\$a9781317374039 (e-book: Mobi)
=020  \\$a9781317374046 (e-book: ePub)
=020  \\$a9781138943117 (hardback)
=020  \\$a9781138057913 (paperback)
=024  7\$a10.4324/9781315672731 $2doi
=035  \\$a(OCoLC)958108365
=040  \\$aFlBoTFG$cFlBoTFG$erda$beng
=050  \4$aK3620$b.A97 2016
=082  04$a344.049$bA598
=245  00$aAnimals, biopolitics, law :$blively legalities /$cedited by Irus Braverman.
=264  \1$aNew York, N.Y. :$bRoutledge,$c©2016.
=300  \\$a1 online resource (xx, 226 pages) :$billustrations, text file, PDF
=336  \\$atext$2rdacontent
=337  \\$acomputer$2rdamedia
=338  \\$aonline resource$2rdacarrier
=490  1\$aSpace, materiality and the normative
=504  \\$aIncludes bibliographical references and index.
=505  0\$a1. The regulatory life of threatened species lists / Irus Braverman -- 2. Probiotic legalities: de-domestication and rewilding before the law / Jamie Lorimer -- 3. Governing jellyfish: eco-security and planetary "life" in the anthropocene / Elizabeth R. Johnson -- 4. Tracing bacterial legalities: the fluid ecologies of the European Union's bathing water directive / Christopher Bear -- 5. Crow Kill / Adam Reed -- 6. Nonhuman animal resistance and the improprieties of live property / Kathryn Gillespie -- 7. Lively sanctuaries: a Shabbat of animal sacer / Elan Abrell -- 8. Multispecies families, capitalism, and the law / Eben Kirksey -- 9. The conflict of human and nonhuman laws / Richard Janda and Richard Lehun -- 10. Lively agency: life and law in the anthropocene / Andreas Philippopoulous-Mihalopoulos. 
=530  \\$aAlso available in print format.
=650  \0$aAnimal rights$xPhilosophy.
=650  \0$aAnimal welfare$xLaw and legislation.
=650  \0$aBioethics.
=650  \0$aHuman-animal relationships$xPhilosophy.
=655  \7$aElectronic books.$2lcsh
=700  1\$aBraverman, Irus,$d1970-
=776  08$iPrint version: $z9781138943117(Hardback)$w 2015030106
=793  0\$aTaylor & Francis online monographs (UCSD)
=830  \0$aSpace, materiality and the normative.
=856 40$zTaylor & Francis. Restricted to UCSD IP addresses.$uhttps://www.taylorfrancis.com/books/9781317374053

