=LDR  03663cam a2200481Ii 4500
=001  TF9781315413570
=003  FlBoTFG
=005  20180331111825.0
=006  m\\\\\o\\d\\\\\\\\
=007  cr\\\\\\\\\\\\
=008  180331s2017\\\\enka\\\\ob\\\\001\0\eng\d
=020  \\$a9781315413563 (e-book: PDF)$q(e-book : PDF)
=020  \\$z9781315413563$q(e-book: PDF)
=020  \\$z9781315413549$q(e-book: Mobi)
=020  \\$z9781138791923$q(hardback)
=020  \\$z9781138791930$q(paperback)
=020  \\$a9781315413570 (e-book)
=020  \\$a9781315413549 (e-book: Mobi)
=020  \\$a9781138791923 (hardback)
=020  \\$a9781138791930 (paperback)
=024  7\$a10.4324/9781315413570 $2doi
=035  \\$a970392740
=040  \\$aFlBoTFG$cFlBoTFG$erda$beng
=050  \4$aBF311$b.B53135 2017
=082  04$a153.0285$b153.
=245  00$aBig data in cognitive science /$cedited by Michael N. Jones.
=264  \1$aLondon ;$aNew York :$bRoutledge,$c©2017.
=300  \\$a1 online resource (viii, 373 pages) :$billustrations, text file, PDF
=336  \\$atext$2rdacontent
=337  \\$acomputer$2rdamedia
=338  \\$aonline resource$2rdacarrier
=490  1\$aFrontiers of cognitive psychology
=504  \\$aIncludes bibliographical references and index.
=505  0\$a1. Developing cognitive theory by mining large-scale naturalistic data / Michael N. Jones -- 2. Sequential Bayesian updating for big data / Zita Oravecz, Matt Huentelmen, and Joachim Vandekerckhove -- 3. Predicting and improving memory retention : psychological theory matters in the big data era / Michael C. Mozer and Robert V. Lindsey -- 4. Tractable Bayesian teaching / Baxter S. Eaves Jr., April M. Schweinhart, adn Patrick Shafto -- 5. Social structure relates to linguistic information density / David W. Vinson and Rick Dale -- 6. Music tagging and listening : testing the memory cue hypothesis in a collaborative tagging system / Jared Lorince and Peter M. Todd -- 7. Flickr distributioanl tagspace : evaluating the semantic spaces emerging from Flickr tag distributions / Marianna Bolognesi -- 8. Large-scale network representations of semantics in the mental lexicon / Simon De Deyne ... [et al.] -- 9. Individual differences in semantic priming performance : insights from the semantic priming project / Melvin J. Yap, Keith A. Hutchinson, and Luuan Chin Tan -- 10. Small worlds and big data : examining the simplification assumption in cognitive modeling / Brendan Johns, Douglas J.K. Mewhort, and Michael N. Jones -- 11. Alignment in web-based dialogue : who aligns, and how automatic is it? Studies in big-data computational psycholinguistics / David Reitter -- 12. Attention economies, information crowding, and language change / Thomas T. Hills, James S. Adelman, and Takao Noguchi -- 13. Decision by sampling : connecting preferences to real-world regularities / Christopher Y. Olivola and Nick Chater -- 14. Crunching big data with fingertips : how typists tune their performance toward the statistics of natural language / Lawrence P. Behmer Jr. and Matthew J. C. Crump -- 15. Can big data help us understand human vision? / Michael J. Tarr and Elissa M. Aminoff.
=530  \\$aAlso available in print format.
=650  \0$aBig data.
=650  \0$aCognitive science$xResearch$xData processing.
=650  \0$aData mining.
=655  \7$aElectronic books.$2lcsh
=700  1\$aJones, Michael N.,$d1975-
=776  08$iPrint version: $z9781138791923(Hardback)$w 2016021775
=793  0\$aTaylor & Francis online monographs (UCSD)
=830  \0$aFrontiers of cognitive psychology.
=856 40$zTaylor & Francis. Restricted to UCSD IP addresses.$uhttps://www.taylorfrancis.com/books/9781315413563

