=LDR  02161cam a2200517Ii 4500
=001  TF9781315685168
=003  FlBoTFG
=005  20180331111825.0
=006  m\\\\\o\\d\\\\\\\\
=007  cr\\\\\\\\\\\\
=008  180331s2016\\\\enkab\\\ob\\\\001\0\eng\d
=020  \\$a9781317411345 (e-book: PDF)$q(e-book : PDF)
=020  \\$z9781317411345$q(e-book: PDF)
=020  \\$z9781317411338$q(e-book: ePub)
=020  \\$z9781317411321$q(e-book: Mobi)
=020  \\$z9781138923218$q(hardback)
=020  \\$z9781138547179$q(paperback)
=020  \\$a9781315685168 (e-book)
=020  \\$a9781317411321 (e-book: Mobi)
=020  \\$a9781317411338 (e-book: ePub)
=020  \\$a9781138923218 (hardback)
=020  \\$a9781138547179 (paperback)
=024  7\$a10.4324/9781315685168 $2doi
=035  \\$a(OCoLC)950459712
=040  \\$aFlBoTFG$cFlBoTFG$erda$beng
=050  \4$aHM554$b.M463 2016
=082  04$a303.66$bM533
=245  00$aMemory, place and identity :$bcommemoration and remembrance of war and conflict /$cedited by Danielle Drozdzewski, Sarah De Nardi and Emma Waterton.
=264  \1$aLondon ;$aNew York :$bRoutledge,$c©2016.
=300  \\$a1 online resource (xiv, 261 pages) :$billustrations, text file, PDF
=336  \\$atext$2rdacontent
=337  \\$acomputer$2rdamedia
=338  \\$aonline resource$2rdacarrier
=490  0\$aRoutledge research in culture, space and identity
=504  \\$aIncludes bibliographical references and index.
=505  0\$apt. 1. Placing memory in public -- pt. 2. Narrative memorial practices : storytelling and materiality in placing memory -- pt. 3. Commemorative vigilance and rituals of remembering in place.
=530  \\$aAlso available in print format.
=650  \0$aCollective memory.
=650  \0$aWar and society.
=650  \0$aWar memorials.
=655  \7$aElectronic books.$2lcsh
=700  1\$aDe Nardi, Sarah.
=700  1\$aDrozdzewski, Danielle.
=700  1\$aWaterton, Emma,.
=776  08$iPrint version: $z9781138923218(Hardback)$w 2015047071
=793  0\$aTaylor & Francis online monographs (UCSD)
=856 40$zTaylor & Francis. Restricted to UCSD IP addresses.$uhttps://www.taylorfrancis.com/books/9781317411345

