=LDR  02326cam a2200481Ii 4500
=001  TF9781317238232
=003  FlBoTFG
=005  20180331111825.0
=006  m\\\\\o\\d\\\\\\\\
=007  cr\\\\\\\\\\\\
=008  180331s2018\\\\nyu\\\\\ob\\\\001\0\eng\d
=020  \\$a9781317238232$q(e-book: PDF)
=020  \\$z9781315627502$q(e-book)
=020  \\$z9781317238218$q(e-book: Mobi)
=020  \\$z9781138646568$q(hardback)
=020  \\$z9781138646575$q(paperback)
=020  \\$a9781315627502 (e-book)
=020  \\$a9781317238218 (e-book: Mobi)
=020  \\$a9781138646568 (hardback)
=020  \\$a9781138646575 (paperback)
=024  7\$a10.4324/9781315627502 $2doi
=035  \\$a(OCoLC)1007134389
=040  \\$aDLC$beng$dFlBoTFG$erda$cDLC
=050  \4$aLB1033.5$b.R85 2018
=082  04$a371.1022$bR934
=100  1\$aRuiz-Primo, Maria Araceli,$eauthor.
=245  10$aUsing feedback to improve learning /$cMaria Araceli Ruiz-Primo and Susan M. Brookhart.
=264  \1$aNew York :$bRoutledge,$c©2018.
=300  \\$a1 online resource (xii, 141 pages) :$btext file, PDF
=336  \\$atext$2rdacontent
=337  \\$acomputer$2rdamedia
=338  \\$aonline resource$2rdacarrier
=490  0\$aStudent assessment for educators series
=504  \\$aIncludes bibliographical references and index.
=520  \\$aDespite feedback's demonstratively positive effects on student performance, research on the specific components of successful feedback practice is in short supply. In Using Feedback to Improve Learning, Ruiz-Primo and Brookhart offer critical characteristics of feedback strategies to affirm classroom feedback's positive effect on student learning. The book provides pre- and in-service teachers as well as educational researchers with empirically supported techniques for using feedback as a part of formative assessment in the classroom. 
=530  \\$aAlso available in print format.
=650  \0$aCommunication in education.
=650  \0$aEducational evaluation.
=650  \0$aFeedback (Psychology)
=655  \7$aElectronic books.$2lcsh
=700  1\$aBrookhart, Susan M.,$eauthor.
=776  08$iPrint version: $z9781138646568(Hardback)$w 2017025841
=793  0\$aTaylor & Francis online monographs (UCSD)
=856 40$zTaylor & Francis. Restricted to UCSD IP addresses.$uhttps://www.taylorfrancis.com/books/9781317238232

