=LDR  02307cam a2200565Ii 4500
=001  TF9781315623559
=003  FlBoTFG
=005  20180331102445.0
=006  m\\\\\o\\d\\\\\\\\
=007  cr\\\\\\\\\\\\
=008  130331s2016\\\\nyua\\\\ob\\\\001\0\eng\d
=020  \\$a9781317226369 (e-book: PDF)$q(e-book : PDF)
=020  \\$z9781317226369$q(e-book: PDF)
=020  \\$z9781317226352$q(e-book: ePub)
=020  \\$z9781317226345$q(e-book: Mobi)
=020  \\$z9780415874908$q(hardback)
=020  \\$z9780815376200$q(paperback)
=020  \\$a9781315623559 (e-book)
=020  \\$a9781317226345 (e-book: Mobi)
=020  \\$a9781317226352 (e-book: ePub)
=020  \\$a9780415874908 (hardback)
=020  \\$a9780815376200 (paperback)
=024  7\$a10.4324/9781315623559 $2doi
=035  \\$a(OCoLC)946580064
=040  \\$aFlBoTFG$cFlBoTFG$erda$beng
=050  \4$aGV721.5
=082  04$a796.48$bT765
=100  1\$aTraganou, Jilly,$d1966-,$eauthor.
=245  10$aDesigning the Olympics :$brepresentation, participation, contestation /$cJilly Traganou.
=264  \1$aNew York ;$aLondon :$bRoutledge,$c©2016.
=300  \\$a1 online resource (xvi, 347 pages) :$billustrations, text file, PDF
=336  \\$atext$2rdacontent
=337  \\$acomputer$2rdamedia
=338  \\$aonline resource$2rdacarrier
=490  1\$aRoutledge research in sport, culture and society ;$v61
=504  \\$aIncludes bibliographical references and index.
=505  0\$aSection 1. Representation -- Section 2. Participation -- Section 3.  Contestation.
=530  \\$aAlso available in print format.
=611  20$aOlympic Games$n(18th :$d1964 :$cTokyo, Japan)
=611  20$aOlympic Games$n(28th :$d2004 :$cAthens, Greece)
=611  20$aOlympic Games$n(30th :$d2012 :$cLondon, England)
=650  \0$aDesign$xSocial aspects.
=650  \0$aNationalism and sports.
=650  \0$aOlympics$xBuildings$xDesign and construction.
=650  \0$aOlympics$xSocial aspects.
=650  \0$aOlympics.
=655  \7$aElectronic books.$2lcsh
=776  08$iPrint version: $z9780415874908(Hardback)$w 2016003536
=793  0\$aTaylor & Francis online monographs (UCSD)
=830  \0$aRoutledge research in sport, culture and society ;$v61.
=856 40$zTaylor & Francis. Restricted to UCSD IP addresses.$uhttps://www.taylorfrancis.com/books/9781317226369

