=LDR  02002cam a2200481Ii 4500
=001  TF9781315775647
=003  FlBoTFG
=005  20180331111825.0
=006  m\\\\\o\\d\\\\\\\\
=007  cr\\\\\\\\\\\\
=008  180331s2016\\\\nyua\\\\ob\\\\001\0\eng\d
=020  \\$a9781317688068 (e-book: PDF)$q(e-book : PDF)
=020  \\$z9781317688068$q(e-book: PDF)
=020  \\$z9781317688051$q(e-book: ePub)
=020  \\$z9781317688044$q(e-book: Mobi)
=020  \\$z9781138024601$q(hardback)
=020  \\$z9781138024618$q(paperback)
=020  \\$a9781315775647 (e-book)
=020  \\$a9781317688044 (e-book: Mobi)
=020  \\$a9781317688051 (e-book: ePub)
=020  \\$a9781138024601 (hardback)
=020  \\$a9781138024618 (paperback)
=024  7\$a10.4324/9781315775647 $2doi
=035  \\$a(OCoLC)958101517
=040  \\$aFlBoTFG$cFlBoTFG$erda$beng
=050  \4$aP128.C68$bC74 2016
=082  04$a420.188$bC899
=100  1\$aCrawford, William J.,$eauthor.
=245  10$aDoing corpus linguistics /$cWilliam J. Crawford and Eniko Csomay.
=264  \1$aNew York ;$aLondon :$bRoutledge,$c©2016.
=300  \\$a1 online resource (xiii, 163 pages) :$billustrations, text file, PDF
=336  \\$atext$2rdacontent
=337  \\$acomputer$2rdamedia
=338  \\$aonline resource$2rdacarrier
=504  \\$aIncludes bibliographical references and index.
=505  0\$apt. 1. Introduction to doing corpus linguistics and register analysis -- pt. 2. Searches in available corpora -- pt. 3. Building your own corpus, analyzing your quantitative results, and making sense of data.
=530  \\$aAlso available in print format.
=650  \0$aCorpora (Linguistics)
=650  \0$aLinguistic analysis (Linguistics)
=655  \7$aElectronic books.$2lcsh
=700  1\$aCsomay, Eniko.
=776  08$iPrint version: $z9781138024601$q(Hardback)$w(DLC) 2015013824
=793  0\$aTaylor & Francis online monographs (UCSD)
=856 40$zTaylor & Francis. Restricted to UCSD IP addresses.$uhttps://www.taylorfrancis.com/books/9781317688068

