=LDR  03907cam a2200601Ii 4500
=001  TF9781315530895
=003  FlBoTFG
=005  20180331102445.0
=006  m\\\\\o\\d\\\\\\\\
=007  cr\\\\\\\\\\\\
=008  180331s2017\\\\nyua\\\\ob\\\\001\0\eng\d
=020  \\$a9781315530888 (e-book: PDF)$q(e-book : PDF)
=020  \\$z9781315530888$q(e-book: PDF)
=020  \\$z9781315530871$q(e-book: ePub)
=020  \\$z9781315530864$q(e-book: Mobi)
=020  \\$z9781138693371$q(hardback)
=020  \\$z9781138599680$q(paperback)
=020  \\$a9781315530895 (e-book)
=020  \\$a9781315530864 (e-book: Mobi)
=020  \\$a9781315530871 (e-book: ePub)
=020  \\$a9781138693371 (hardback)
=020  \\$a9781138599680 (paperback)
=024  7\$a10.4324/9781315530895 $2doi
=035  \\$a(OCoLC)953735299
=040  \\$aFlBoTFG$cFlBoTFG$erda$beng
=043  \\$acl-----$acc-----
=050  \4$aHN110.5.Z9$bC674 2017
=082  04$a307.14098611$bR363
=245  00$aRe-imagining community and civil society in Latin America and the Caribbean /$cedited by Gordana Yovanovich and Roberta Rice.
=264  \1$aNew York, N.Y. :$bRoutledge,$c©2017.
=300  \\$a1 online resource :$billustrations, text file, PDF
=336  \\$atext$2rdacontent
=337  \\$acomputer$2rdamedia
=338  \\$aonline resource$2rdacarrier
=490  1\$aRoutledge studies in Latin American politics ;$v13
=504  \\$aIncludes bibliographical references and index.
=505  0\$a1. Re-imagining community and civil society / Gordana Yovanovich and Roberta Rice -- 2. Civil society from the inside out : community, organization and the challenge of political influence / Philip Oxhorn -- 3. Modernized honor culture and community : Garca Marquez's Chronicle of a death foretold/Cronica de una muerte anunciada / Gordana Yovanovich -- 4. Reframing the archive and expanding collective memory in order to bridge the divide between community and civil society in Yxta Maya Murray's The conquest / Pablo Ramirez -- 5. Memory and temporary communities in Laura Restrepo's The dark bride/La novia oscura / Maca Suazo and Lisa Bellstedt -- 6. Community and learning : the process of concientization among Nicaraguan peasants through song / Mery Perez -- 7. Community and the state : piecing together differences in Alejandro Brugues' Juan of the dead / Miharu M. Miyasaka and Patrick X. Horrigan -- 8. Intercultural democracy and civil society participation in the new, decolonized Bolivia / Roberta Rice -- 9. Conceptualizing transnational civil society in Guatemala / Candace Johnson -- 10. Collective banks and counter-acts : building civil society from within in Jamaica and Guyana / Caroline Shenaz Hossein -- 11. War on civil society in Vargas Llosa's The war of the end of the world / Olga Nedvyga -- 12. "Radical" participatory democracy institutions in Venezuela and Ecuador : strengthening civil society or mechanisms for controlled inclusion? / Pascal Lupien -- 13. Towards civic community : conclusions / Gordana Yovanovich and Roberta Rice.
=530  \\$aAlso available in print format.
=538  \\$aMode of access: World Wide Web.
=650  \0$aCivil society in literature.
=650  \0$aCivil society$zCaribbean Area.
=650  \0$aCivil society$zLatin America.
=650  \0$aCommunities in literature.
=650  \0$aCommunity development$zCaribbean Area.
=650  \0$aCommunity development$zLatin America.
=650  \0$aSocial change$zCaribbean Area.
=650  \0$aSocial change$zLatin America.
=655  \7$aElectronic books.$2lcsh
=700  1\$aRice, Roberta.
=700  1\$aYovanovich, Gordana,$d1956-
=776  08$iPrint version: $z9781138693371(Hardback)$w 2016007463
=793  0\$aTaylor & Francis online monographs (UCSD)
=830  \0$aRoutledge studies in Latin American politics ;$v13.
=856 40$zTaylor & Francis. Restricted to UCSD IP addresses.$uhttps://www.taylorfrancis.com/books/9781315530888

