=LDR  03217cam a2200505Ii 4500
=001  TF9781315770543
=003  FlBoTFG
=005  20180331111825.0
=006  m\\\\\o\\d\\\\\\\\
=007  cr\\\\\\\\\\\\
=008  180331s2015\\\\nyua\\\\ob\\\\001\0\eng\d
=020  \\$a9781317672715 (e-book: PDF)$q(e-book : PDF)
=020  \\$z9781317672715$q(e-book: PDF)
=020  \\$z9781317672708$q(e-book: ePub)
=020  \\$z9781317672692$q(e-book: Mobi)
=020  \\$z9781138780620$q(hardback)
=020  \\$z9781138780637$q(paperback)
=020  \\$a9781315770543 (e-book)
=020  \\$a9781317672692 (e-book: Mobi)
=020  \\$a9781317672708 (e-book: ePub)
=020  \\$a9781138780620 (hardback)
=020  \\$a9781138780637 (paperback)
=024  7\$a10.4324/9781315770543 $2doi
=035  \\$a(OCoLC)958096498
=040  \\$aFlBoTFG$cFlBoTFG$erda$beng
=050  \4$aML3506$b.C85 2015
=082  04$a306.48425$bC968
=245  04$aThe cultural politics of jazz collectives :$bthis is our music /$cedited by Nicholas Gebhardt, Tony Whyton.
=264  \1$aNew York ;$aLondon :$bRoutledge,$c©2015.
=300  \\$a1 online resource (xii, 250 pages) :$billustrations, text file, PDF
=336  \\$atext$2rdacontent
=337  \\$acomputer$2rdamedia
=338  \\$aonline resource$2rdacarrier
=490  1\$aTransnational studies in jazz
=504  \\$aIncludes bibliographical references and index.
=505  0\$a1. Introduction : jazz as a collective problem / Nicholas Gebhardt -- 2. "Complaining time is over" : network and collective strategies of the New York musicians organization / Michael C. Heller -- 3. Pitched battles : Dutch improvised music, authorities and strategies / Loes Rusch -- 4. Sound visions and free initiatives : the cultural politics of creative improvised music collectives / A. Scott Currie -- 5. Musical hybridity in the new European city : the jazz hip hop collectives of C-Mon & Kypski and Kytopia / Kristin McGee -- 6. Collective cultures and live jazz in Birmingham / Tim Wall and Simon Barber -- 7. San Francisco State University's Music Federation : the political machine behind a jazz cooperative for teachers / Meredith Eliassen -- 8. Minnet : transcending genre boundaries, organizing diversity / Alf Arvidsson and Jrgen Adolfsson -- 9. Wonderbrass as a South Wales community jazz collective / Rob Smith -- 10. Jazz networks in Austria : the JazzWerkstatt initiative / Christa Bruckner-Haring and Michael Kahr -- 11. Improvisational conduct and case studies from the margins : an insider's view on negotiating the collective / Petter Frost Fadnes -- 12. Collective practice and digital mediation / Andrew Dubber -- 13. Conclusion : toward a collective jazz studies / Tony Whyton.
=530  \\$aAlso available in print format.
=650  \0$aJazz$xHistory and criticism.
=650  \0$aJazz$xSocial aspects.
=655  \7$aElectronic books.$2lcsh
=700  1\$aGebhardt, Nicholas.
=700  1\$aWhyton, Tony.
=776  08$iPrint version: $z9781138780620$q(Hardback)$w(DLC) 2014034730
=793  0\$aTaylor & Francis online monographs (UCSD)
=830  \0$aTransnational studies in jazz.
=856 40$zTaylor & Francis. Restricted to UCSD IP addresses.$uhttps://www.taylorfrancis.com/books/9781317672715

