=LDR  02232cam a2200505Ii 4500
=001  TF9781315660073
=003  FlBoTFG
=005  20180331111825.0
=006  m\\\\\o\\d\\\\\\\\
=007  cr\\\\\\\\\\\\
=008  180331s2017\\\\enk\\\\\ob\\\\001\0\eng\d
=020  \\$a9781317335962 (e-book: PDF)$q(e-book : PDF)
=020  \\$z9781317335962$q(e-book: PDF)
=020  \\$z9781317335948$q(e-book: Mobi)
=020  \\$z9781138960961$q(hardback)
=020  \\$a9781315660073 (e-book)
=020  \\$a9781317335948 (e-book: Mobi)
=020  \\$a9781138960961 (hardback)
=024  7\$a10.4324/9781315660073 $2doi
=035  \\$a(OCoLC)976434714
=040  \\$aFlBoTFG$cFlBoTFG$erda$beng
=043  \\$aaw-----$an-us---
=050  \4$aDS63.2.U5$bK384 2017
=082  04$a327.73056$bK217
=100  1\$aKaussler, Bernd.,$eauthor.
=245  10$aUS foreign policy towards the Middle East :$bthe Realpolitik of deceit /$cBernd Kaussler and Glenn P. Hastedt.
=246  3\$aUnited States foreign policy towards the Middle East
=264  \1$aLondon ;$aNew York :$bRoutledge,$c©2017.
=300  \\$a1 online resource (191 pages) :$btext file, PDF
=336  \\$atext$2rdacontent
=337  \\$acomputer$2rdamedia
=338  \\$aonline resource$2rdacarrier
=490  1\$aRoutledge global security studies
=504  \\$aIncludes bibliographical references and index.
=505  0\$a1. The nuclear lie : the US and Israel's nuclear weapons program -- 2. 'Liberal lies' : the alliance with Saudi Arabia -- 3. A decade of total war : Iraq, Syria and Libya -- 4. Engagement with Iran : shedding the 'Iranian myth'.
=530  \\$aAlso available in print format.
=651  \0$aMiddle East$xForeign relations$zUnited States.
=651  \0$aUnited States$xForeign relations$y2001-2009.
=651  \0$aUnited States$xForeign relations$y2009-
=651  \0$aUnited States$xForeign relations$zMiddle East.
=655  \7$aElectronic books.$2lcsh
=700  1\$aHastedt, Glenn P.,$d1950-
=776  08$iPrint version: $z9781138960961(Hardback)$w 2016044170
=793  0\$aTaylor & Francis online monographs (UCSD)
=830  \0$aRoutledge global security studies.
=856 40$zTaylor & Francis. Restricted to UCSD IP addresses.$uhttps://www.taylorfrancis.com/books/9781317335962

