=LDR  02761cam a2200517Ii 4500
=001  TF9781315616568
=003  FlBoTFG
=005  20180331102445.0
=006  m\\\\\o\\d\\\\\\\\
=007  cr\\\\\\\\\\\\
=008  180331s2017\\\\enka\\\\ob\\\\001\0\eng\d
=020  \\$a9781317205333 (e-book: PDF)$q(e-book : PDF)
=020  \\$z9781317205333$q(e-book: PDF)
=020  \\$z9781317205326$q(e-book: ePub)
=020  \\$z9781317205319$q(e-book: Mobi)
=020  \\$z9781138672079$q(hardback)
=020  \\$z9780815361503$q(paperback)
=020  \\$a9781315616568 (e-book)
=020  \\$a9781317205319 (e-book: Mobi)
=020  \\$a9781317205326 (e-book: ePub)
=020  \\$a9781138672079 (hardback)
=020  \\$a9780815361503 (paperback)
=024  7\$a10.4324/9781315616568 $2doi
=035  \\$a(OCoLC)953691985
=040  \\$aFlBoTFG$cFlBoTFG$erda$beng
=043  \\$aa-cc---
=050  \4$aJQ1506.S8$bA77 2017
=082  04$a320.80951$bA846
=245  00$aAssessing the balance of power in central-local relations in China /$cedited by John A. Donaldson.
=264  \1$aLondon ;$aNew York :$bRoutledge,$c©2017.
=300  \\$a1 online resource (vii, 141  pages) :$billustrations, text file, PDF
=336  \\$atext$2rdacontent
=337  \\$acomputer$2rdamedia
=338  \\$aonline resource$2rdacarrier
=490  1\$aRoutledge contemporary China series ;$v154
=504  \\$aIncludes bibliographical references and index.
=505  0\$a1. Introduction : understanding central-local relations in China / John A. Donaldson -- 2. Central-provincial power relations in the fiscal realm of China, 1980-2014 / S. Philip Hsu -- 3.China's perforated investment control, 1978-2013 / Yukyung Yeo -- 4. China's regional development policy / Long Yang -- 5. China's administrative hierarchy : the balance of power and winners and losers within China's levels of government / John A. Donaldson -- 6. Implementation : changing norms, issue-variance, and unending tugs of war / Jae Ho Chung -- 7. China's culture policy and the central-local relationship / Tse-Kang Leng -- 8. Recentralization in China's social welfare regime / Xufeng Zhu -- 9. Central-local interactions in foreign affairs / Mingjiang Li.
=530  \\$aAlso available in print format.
=538  \\$aMode of access: World Wide Web.
=650  \0$aCentral-local government relations$zChina.
=650  \0$aDecentralization in government$zChina.
=655  \7$aElectronic books.$2lcsh
=700  1\$aDonaldson, John A.,$d1970-
=776  08$iPrint version: $z9781138672079(Hardback)$w 2016003785
=793  0\$aTaylor & Francis online monographs (UCSD)
=830  \0$aRoutledge contemporary China series ;$v154.
=856 40$zTaylor & Francis. Restricted to UCSD IP addresses.$uhttps://www.taylorfrancis.com/books/9781317205333

