=LDR  02024cam a2200505Ii 4500
=001  TF9781315724270
=003  FlBoTFG
=005  20180331111825.0
=006  m\\\\\o\\d\\\\\\\\
=007  cr\\\\\\\\\\\\
=008  180331s2016\\\\enka\\\\ob\\\\001\0\eng\d
=020  \\$a9781317530466 (e-book: PDF)$q(e-book : PDF)
=020  \\$z9781317530466$q(e-book: PDF)
=020  \\$z9781317530459$q(e-book: ePub)
=020  \\$z9781317530442$q(e-book: Mobi)
=020  \\$z9781138851139$q(hardback)
=020  \\$z9781138618336$q(paperback)
=020  \\$a9781315724270 (e-book)
=020  \\$a9781317530442 (e-book: Mobi)
=020  \\$a9781317530459 (e-book: ePub)
=020  \\$a9781138851139 (hardback)
=020  \\$a9781138618336 (paperback)
=024  7\$a10.4324/9781315724270 $2doi
=035  \\$a(OCoLC)948511802
=035  \\$a(OCoLC)952730480
=040  \\$aFlBoTFG$cFlBoTFG$erda$beng
=050  \4$aQH91.75.A1$bM34 2016
=082  04$a333.916416$bM338
=245  00$aMarine transboundary conservation and protected areas /$cedited by Peter Mackelworth.
=264  \1$aLondon ;$aNew York :$bRoutledge,$c©2016.
=300  \\$a1 online resource (xii, 313 pages) :$billustrations, text file, PDF
=336  \\$atext$2rdacontent
=337  \\$acomputer$2rdamedia
=338  \\$aonline resource$2rdacarrier
=490  1\$aEarthscan oceans
=504  \\$aIncludes bibliographical references and index.
=505  0\$apt. 1. Establishing pathways of influence in the marine conservation context -- pt. 2. Marine transboundary conservation in action.
=530  \\$aAlso available in print format.
=650  \0$aMarine parks and reserves.
=650  \0$aTransfrontier conservation areas.
=655  \7$aElectronic books.$2lcsh
=700  1\$aMackelworth, Peter,$eeditor...
=776  08$iPrint version: $z9781138851139$q(Hardback)$w(DLC)  2015045918
=793  0\$aTaylor & Francis online monographs (UCSD)
=830  \0$aEarthscan oceans.
=856 40$zTaylor & Francis. Restricted to UCSD IP addresses.$uhttps://www.taylorfrancis.com/books/9781317530466

