=LDR  02114cam a2200469Ii 4500
=001  TF9781315268637
=003  FlBoTFG
=005  20180330125217.0
=006  m\\\\\o\\d\\\\\\\\
=007  cr\\\\\\\\\\\\
=008  180331s2017\\\\nyuad\\\ob\\\\001\0\eng\d
=020  \\$a9781351976633 (e-book: PDF)$q(e-book : PDF)
=020  \\$z9781351976633$q(e-book: PDF)
=020  \\$z9781351976619$q(e-book: Mobi)
=020  \\$z9781138286085$q(hardback)
=020  \\$z9781138286092$q(paperback)
=020  \\$a9781315268637 (e-book)
=020  \\$a9781351976619 (e-book: Mobi)
=020  \\$a9781138286085 (hardback)
=020  \\$a9781138286092 (paperback)
=024  7\$a10.4324/9781315268637 $2doi
=035  \\$a(OCoLC)970042355
=040  \\$aFlBoTFG$cFlBoTFG$erda$beng
=050  \4$aHV553$b.A65 2017
=082  04$a323.044$bA643
=100  1\$aApodaca, Clair,$d1956-,$eauthor.
=245  10$aState repression in post-disaster societies /$cClair Apodaca.
=264  \1$aNew York, N.Y. :$bRoutledge,$c©2017.
=300  \\$a1 online resource (192 pages) :$billustrations, text file, PDF
=336  \\$atext$btxt$2rdacontent
=337  \\$acomputer$bc$2rdamedia
=338  \\$aonline resource$bcr$2rdacarrier
=504  \\$aIncludes bibliographical references and index.
=505  0\$a1. The causal chain -- 2. Root causes : disasters lead to grievances -- 3. Proximate causes : public displays of grievance and civil unrest -- 4. Government response to civil unrest -- 5. Theory-based causal model of disaster-related repression -- 6. Empirical support for the causal chain : results of the analysis of disaster-related repression -- 7. Conclusion.
=530  \\$aAlso available in print format.
=650  \0$aDisaster relief$xPolitical aspects.
=650  \0$aHuman rights.
=650  \0$aNatural disasters$xPolitical aspects.
=650  \0$aPolitical persecution.
=655  \7$aElectronic books.$2lcsh
=776  08$iPrint version: $z9781138286085(Hardback)$w 2016037473
=793  0\$aTaylor & Francis online monographs (UCSD)
=856 40$zTaylor & Francis. Restricted to UCSD IP addresses.$uhttps://www.taylorfrancis.com/books/9781351976633

