=LDR  02681cam a2200541Ii 4500
=001  TF9781315576770
=003  FlBoTFG
=005  20180331102445.0
=006  m\\\\\o\\d\\\\\\\\
=007  cr\\\\\\\\\\\\
=008  180331s2016\\\\enk\\\\\ob\\\\001\0\eng\d
=020  \\$a9781317152026 (e-book: PDF)$q(e-book : PDF)
=020  \\$z9781317152026$q(e-book: PDF)
=020  \\$z9781317152019$q(e-book: ePub)
=020  \\$z9781317152002$q(e-book: Mobi)
=020  \\$z9781472478108$q(hardback)
=020  \\$a9781315576770 (e-book)
=020  \\$a9781317152002 (e-book: Mobi)
=020  \\$a9781317152019 (e-book: ePub)
=020  \\$a9781472478108 (hardback)
=024  7\$a10.4324/9781315576770 $2doi
=035  \\$a(OCoLC)948511633
=040  \\$aFlBoTFG$cFlBoTFG$erda$beng
=043  \\$ae-uk-en
=050  \4$aPR658.E35$bS54 2016
=082  04$a822.3093553$bS541
=100  1\$aSheerin, Brian.,$eauthor.
=245  10$aDesires of credit in early modern theory and drama :$bcommerce, poesy, and the profitable imagination /$cBrian Sheerin.
=264  \1$aLondon ;$aNew York :$bRoutledge,$c©2016.
=300  \\$a1 online resource :$btext file, PDF
=336  \\$atext$2rdacontent
=337  \\$acomputer$2rdamedia
=338  \\$aonline resource$2rdacarrier
=490  1\$aStudies in performance and early modern drama
=504  \\$aIncludes bibliographical references and index.
=505  0\$a1. The profitable imagination : poesy, coinage, and the hermeneutic circles of Marlowe's Doctor Faustus -- 2. The Jewish economies of Renaissance reading : putting Shylock to good use in Shakespeare's The merchant of Venice -- 3. Good credit and the maintenance of desire in Heywood's Apology for actors and If you know not me, you know nobody, part II -- 4. Imaginative alchemy and the face of the sovereign : locating value in Dekker's Old Fortunatus -- 5. Banking and the allure of belief : bad credit in Jonson's Volpone.
=530  \\$aAlso available in print format.
=538  \\$aMode of access: World Wide Web.
=650  \0$aDebt in literature.
=650  \0$aEconomics in literature.
=650  \0$aEnglish drama$y17th century$xHistory and criticism.
=650  \0$aEnglish drama$yEarly modern and Elizabethan, 1500-1600$xHistory and criticism.
=650  \0$aTheater and society$zEngland$zLondon$xHistory.
=650  \0$aTheater$xEconomic aspects$zEngland.
=655  \7$aElectronic books.$2lcsh
=776  08$iPrint version: $z9781472478108(Hardback)$w 2015033745
=793  0\$aTaylor & Francis online monographs (UCSD)
=830  \0$aStudies in performance and early modern drama.
=856 40$zTaylor & Francis. Restricted to UCSD IP addresses.$uhttps://www.taylorfrancis.com/books/9781317152026

