=LDR  02276cam a2200529Ii 4500
=001  TF9781315400020
=003  FlBoTFG
=005  20180330125217.0
=006  m\\\\\o\\d\\\\\\\\
=007  cr\\\\\\\\\\\\
=008  180331s2017\\\\nyuabd\\ob\\\\001\0\eng\d
=020  \\$a9781315400013 (e-book: PDF)$q(e-book : PDF)
=020  \\$z9781315400013$q(e-book: PDF)
=020  \\$z9781315399997$q(e-book: Mobi)
=020  \\$z9781629583471$q(hardback)
=020  \\$z9781629583488$q(paperback)
=020  \\$a9781315400020 (e-book)
=020  \\$a9781315399997 (e-book: Mobi)
=020  \\$a9781629583471 (hardback)
=020  \\$a9781629583488 (paperback)
=024  7\$a10.4324/9781315400020 $2doi
=035  \\$a(OCoLC)967739915
=040  \\$aFlBoTFG$cFlBoTFG$erda$beng
=050  \4$aGN784$b.H87 2017
=082  04$a551.457$bH973
=100  1\$aHutchings, Richard M.$q(Richard Matthew),$eauthor.
=245  10$aMaritime heritage in crisis :$bindigenous landscapes and global ecological breakdown /$cRichard M. Hutchings.
=264  \1$aNew York, N.Y. ;$aLondon :$bRoutledge,$c©2017.
=300  \\$a1 online resource (xiv, 144 pages) :$billustrations, text file, PDF
=336  \\$atext$btxt$2rdacontent
=337  \\$acomputer$bc$2rdamedia
=338  \\$aonline resource$bcr$2rdacarrier
=490  1\$aArchaeology and indigenous peoples series
=504  \\$aIncludes bibliographical references and index.
=505  0\$a1. The maritime heritage crisis -- 2. Coastal change -- 3. Cultural resource management -- 4. The Shishalh Coast study -- 5. Problematizing the heritage crisis -- 6. Looking forward, looking back.
=530  \\$aAlso available in print format.
=650  \0$aAntiquities$xCollection and preservation.
=650  \0$aCoast changes.
=650  \0$aCoastal archaeology.
=650  \0$aCultural property$xManagement.
=650  \0$aCultural property$xProtection.
=650  \0$aIndians$xAntiquities.
=650  \0$aIndigenous peoples$xAntiquities.
=655  \7$aElectronic books.$2lcsh
=776  08$iPrint version: $z9781629583471(Hardback)$w 2016025007
=793  0\$aTaylor & Francis online monographs (UCSD)
=830  \0$aArchaeology and indigenous peoples series.
=856 40$zTaylor & Francis. Restricted to UCSD IP addresses.$uhttps://www.taylorfrancis.com/books/9781315400013

