=LDR  03046cam a2200433Ii 4500
=001  TF9781136645389
=005  20180331102445.0
=006  m\\\\\o\\d\\\\\\\\
=007  cr\\\\\\\\\\\\
=008  180331s2017\\\\xx\\\\\\o\\\\\000\0\eng\d
=020  \\$a9781136645389$q(e-book: PDF)
=020  \\$z9781315021409$q(e-book)
=020  \\$z9780415906876$q(paperback)
=020  \\$z9780415906869$q(hardback)
=020  \\$z9781136645525$q(e-book: Mobi)
=020  \\$a9781315021409 (e-book)
=020  \\$a9781136645525 (e-book: Mobi)
=020  \\$a9780415906869 (hardback)
=020  \\$a9780415906876 (paperback)
=024  7\$a10.4324/9781315021409 $2doi
=035  \\$a(OCoLC)993980644
=040  \\$aFlBoTFG$beng$cFlBoTFG$erda
=050  \4$aGN345$b.T387 2017
=082  04$a306
=100  1\$aTaussig, Michael,$eauthor.
=245  10$aMimesis and Alterity :$bA Particular History of the Senses /$cMichael Taussig.
=250  \\$aFirst edition.
=264  \1$aLondon :$bTaylor and Francis,$c©2017.
=300  \\$a1 online resource :$btext file, PDF
=336  \\$atext$2rdacontent
=337  \\$acomputer$2rdamedia
=338  \\$aonline resource$2rdacarrier
=505  0\$achapter 1 In Some Way or Another One Can Protect Oneself From Evil Spirits by Portraying Them -- chapter 2 Physiognomic Aspects of Visual Worlds -- chapter 3 Spacing Out -- chapter 4 The Golden Bough: The Magic of Mimesis -- chapter 5 The Golden Army: The Organization of Mimesis -- chapter 6 With the Wind of World History in Our Sails -- chapter 7 Spirit of the Mime, Spirit of the Gift -- chapter 8 Mimetic Worlds: Invisible Counterparts -- chapter 9 The Origin of the World -- chapter 10 Alterity -- chapter 11 The Color of Alterity -- chapter 12 The Search For the White Indian -- chapter 13 America as Woman: The Magic of Western Gear -- chapter 14 The Talking Machine -- chapter 15 His Master's Voice -- chapter 16 Reflection -- chapter 17 Sympathetic Magic In A Post-Colonial Age.
=520  2\$a"In his most ambitious and accomplished work to date, Michael Taussig undertakes a history of mimesis, the practice of imitation, and its relation to alterity, the opposition of Self and Other. Drawing upon such diverse sources as theories of Benjamin, Adorno and Horckheimer, research on the Cuna Indians, and theories of colonialism and postcolonialism, Taussig shows that the history of mimesis is deeply tied to colonialism, and more specifically, to the colonial trade's construction of "savages." With analysis that is vigorous, unorthodox, and often breathtaking, Taussig's cross-cultural discussion of mimesis deepens our understanding of the relationship between ethnography, racism and society."--Provided by publisher.
=530  \\$aAlso available in print format.
=650  04$aAnthropology - Soc Sci
=655  \7$aElectronic books.$2lcsh
=776  08$iPrint version: $z9780415906869(Hardback)$w(DLC)   92035584 
=793  0\$aTaylor & Francis online monographs (UCSD)
=856 40$zTaylor & Francis. Restricted to UCSD IP addresses.$uhttps://www.taylorfrancis.com/books/9781136645389

