=LDR  02085cam a2200457Ii 4500
=001  TF9781315516370
=003  FlBoTFG
=005  20180331111825.0
=006  m\\\\\o\\d\\\\\\\\
=007  cr\\\\\\\\\\\\
=008  180331s2017\\\\enk\\\\\ob\\\\001\0\eng\d
=020  \\$a9781315516363 (e-book: PDF)$q(e-book : PDF)
=020  \\$z9781315516363$q(e-book: PDF)
=020  \\$z9781315516349$q(e-book: Mobi)
=020  \\$z9781848936065$q(hardback)
=020  \\$a9781315516370 (e-book)
=020  \\$a9781315516349 (e-book: Mobi)
=020  \\$a9781848936065 (hardback)
=024  7\$a10.4324/9781315516370 $2doi
=035  \\$a(OCoLC)960977832
=040  \\$aFlBoTFG$cFlBoTFG$erda$beng
=050  \4$aHM1271$b.P45 2017
=082  04$a305.8001$bP568
=245  00$aPhilosophies of multiculturalism :$bbeyond liberalism /$cedited by Luis Cordeiro-Rodrigues and Marko Simendic.
=264  \1$aAbingdon, Oxon ;$aNew York, N.Y. :$bRoutledge,$c©2017.
=300  \\$a1 online resource (vi, 231 pages) :$btext file, PDF
=336  \\$atext$2rdacontent
=337  \\$acomputer$2rdamedia
=338  \\$aonline resource$2rdacarrier
=490  1\$aStudies for the international society for cultural history ;$v9
=504  \\$aIncludes bibliographical references and index.
=505  0\$asection 1. Cultural diversity in the history of political thought -- section 2. Multiculturalism and western contemporary political theory -- section 3. Eastern philosophy approaches to multiculturalism -- section 4. Multiculturalism, African and African heritage.
=530  \\$aAlso available in print format.
=650  \0$aMulticulturalism$xPhilosophy.
=650  \0$aMulticulturalism$xPolitical aspects.
=655  \7$aElectronic books.$2lcsh
=700  1\$aCordeiro-Rodrigues, Luis.
=700  1\$aSimendic, Mark.
=776  08$iPrint version: $z9781848936065(Hardback)$w 2016019177
=793  0\$aTaylor & Francis online monographs (UCSD)
=830  \0$aStudies for the international society for cultural history ;$v9.
=856 40$zTaylor & Francis. Restricted to UCSD IP addresses.$uhttps://www.taylorfrancis.com/books/9781315516363

