=LDR  02125cam a2200517Ii 4500
=001  TF9781315546698
=003  FlBoTFG
=005  20180331102445.0
=006  m\\\\\o\\d\\\\\\\\
=007  cr\\\\\\\\\\\\
=008  180331r20162015enk\\\\\ob\\\\001\0\eng\d
=020  \\$a9781134776535 (e-book: PDF)$q(e-book : PDF)
=020  \\$z9781134776535$q(e-book: PDF)
=020  \\$z9781134776603$q(e-book: ePub)
=020  \\$z9781134776672$q(e-book: Mobi)
=020  \\$z9781472464774$q(hardback)
=020  \\$a9781315546698 (e-book)
=020  \\$a9781134776672 (e-book: Mobi)
=020  \\$a9781134776603 (e-book: ePub)
=020  \\$a9781472464774 (hardback)
=024  7\$a10.4324/9781315546698 $2doi
=035  \\$a(OCoLC)948602565
=040  \\$aFlBoTFG$cFlBoTFG$erda$beng
=043  \\$ae-uk---
=050  \4$aPR595.W6$bM85  2016
=082  04$a821.8099287$bM712
=100  1\$aMoine, Fabienne.,$eauthor.
=245  10$aWomen poets in the Victorian era :$bcultural practices and nature poetry /$cFabienne Moine.
=264  \1$aLondon ;$aNew York :$bRoutledge,$c©2016.
=300  \\$a1 online resource :$btext file, PDF
=336  \\$atext$2rdacontent
=337  \\$acomputer$2rdamedia
=338  \\$aonline resource$2rdacarrier
=500  \\$a"First published 2015 by Ashgate Publishing"--t.p. verso.
=500  \\$aIncludes index.
=504  \\$aIncludes bibliographical references and index.
=505  0\$a1. A woman's place is in the garden -- 2. Saying it with flowers -- 3. Digging for identity -- 4. Manipulating the animal -- 5. Science with a conscience.
=530  \\$aAlso available in print format.
=538  \\$aMode of access: World Wide Web.
=650  \0$aEnglish poetry$xWomen authors$xHistory and criticism.
=650  \0$aEnglish poetry$y19th century$xHistory and criticism.
=650  \0$aGardens in literature.
=650  \0$aNature in literature.
=655  \7$aElectronic books.$2lcsh
=776  08$iPrint version: $z9781472464774(Hardback)$w 2015014047
=793  0\$aTaylor & Francis online monographs (UCSD)
=856 40$zTaylor & Francis. Restricted to UCSD IP addresses.$uhttps://www.taylorfrancis.com/books/9781134776535

