=LDR  02125cam a2200541Ii 4500
=001  TF9781315741949
=003  FlBoTFG
=005  20180331111825.0
=006  m\\\\\o\\d\\\\\\\\
=007  cr\\\\\\\\\\\\
=008  180331s2017\\\\nyu\\\\\ob\\\\001\0deng\d
=020  \\$a9781317584681 (e-book: PDF)$q(e-book : PDF)
=020  \\$z9781317584681$q(e-book: PDF)
=020  \\$z9781317584674$q(e-book: ePub)
=020  \\$z9781317584667$q(e-book: Mobi)
=020  \\$z9781138823679$q(hardback)
=020  \\$z9781138823686$q(paperback)
=020  \\$a9781315741949 (e-book)
=020  \\$a9781317584667 (e-book: Mobi)
=020  \\$a9781317584674 (e-book: ePub)
=020  \\$a9781138823679 (hardback)
=020  \\$a9781138823686 (paperback)
=024  7\$a10.4324/9781315741949 $2doi
=035  \\$a(OCoLC)936687607
=040  \\$aFlBoTFG$cFlBoTFG$erda$beng
=050  \4$aBF41$b.N53 2017
=082  04$a194$bN629
=100  1\$aNichterlein, Maria.,$eauthor.
=245  10$aDeleuze and psychology :$bphilosophical provocations to psychological practices /$cMaria Nichterlein and John R. Morss.
=250  \\$aFirst edition.
=264  \1$aNew York, N.Y. :$bRoutledge,$c©2017.
=300  \\$a1 online resource (xiii, 173 pages) :$btext file, PDF
=336  \\$atext$2rdacontent
=337  \\$acomputer$2rdamedia
=338  \\$aonline resource$2rdacarrier
=490  1\$aConcepts for critical psychology
=504  \\$aIncludes bibliographical references and index.
=505  0\$aReading Deleuze psychologically -- pt. 2. Putting the assemblage to work.
=530  \\$aAlso available in print format.
=600  10$aDeleuze, Gilles,$d1925-1995.
=650  \0$aPhilosophy, French$y20th century.
=650  \0$aPsychology and philosophy.
=650  \0$aPsychology$xResearch$xMethodology.
=655  \7$aElectronic books.$2lcsh
=700  1\$aMorss, John R.
=776  08$iPrint version: $z9781138823679$q(Hardback)$w(DLC) 2016002769
=793  0\$aTaylor & Francis online monographs (UCSD)
=830  \0$aConcepts for critical psychology.
=856 40$zTaylor & Francis. Restricted to UCSD IP addresses.$uhttps://www.taylorfrancis.com/books/9781317584681

