=LDR  02256cam a2200553Ii 4500
=001  TF9781315841670
=003  FlBoTFG
=005  20180331111825.0
=006  m\\\\\o\\d\\\\\\\\
=007  cr\\\\\\\\\\\\
=008  180331r20141998enk\\\\\ob\\\\001\0\eng\d
=020  \\$a9781317886587 (e-book: PDF)$q(e-book : PDF)
=020  \\$z9781317886587$q(e-book: PDF)
=020  \\$z9781317886570$q(e-book: ePub)
=020  \\$z9781317886563$q(e-book: Mobi)
=020  \\$z9781138158337$q(hardback)
=020  \\$z9780582293267$q(paperback)
=020  \\$a9781315841670 (e-book)
=020  \\$a9781317886563 (e-book: Mobi)
=020  \\$a9781317886570 (e-book: ePub)
=020  \\$a9781138158337 (hardback)
=020  \\$a9780582293267 (paperback)
=024  7\$a10.4324/9781315841670 $2doi
=035  \\$a(OCoLC)897463372
=040  \\$aFlBoTFG$cFlBoTFG$erda$beng
=043  \\$ae-it---
=050  \4$aHQ1149.I8$bG46 2014
=082  04$a305.30945$bG325
=245  00$aGender and society in Renaissance Italy /$cedited by Judith C. Brown and Robert C. Davis.
=264  \1$aLondon ;$aNew York :$bRoutledge,$c©2014.
=300  \\$a1 online resource (xi, 255 pages) :$btext file, PDF
=336  \\$atext$2rdacontent
=337  \\$acomputer$2rdamedia
=338  \\$aonline resource$2rdacarrier
=490  1\$aWomen and men in history
=500  \\$aFirst published 1998 by Addison Wesley Longman Limited.
=504  \\$aIncludes bibliographical references and index.
=505  0\$apt. 1. The gendered city in Renaissance Italy -- pt. 2. The social foundations of gender -- pt. 3. The social body -- pt. 4. The renaissance of the spirit.
=530  \\$aAlso available in print format.
=650  \0$aSex role$zItaly$xHistory.
=650  \0$aSocial structure$zItaly$xHistory.
=650  \0$aWomen$xReligious life$zItaly$xHistory.
=650  \0$aWomen$zItaly$xHistory$yRenaissance, 1450-1600.
=655  \7$aElectronic books.$2lcsh
=700  1\$aBrown, Judith C.
=700  1\$aDavis, Robert C.$q(Robert Charles),$d1948-
=776  08$iPrint version: $z9781138158337$q(Hardback)
=793  0\$aTaylor & Francis online monographs (UCSD)
=830  \0$aWomen and men in history.
=856 40$zTaylor & Francis. Restricted to UCSD IP addresses.$uhttps://www.taylorfrancis.com/books/9781317886587

