=LDR  02033cam a2200493Ii 4500
=001  TF9780203809051
=003  FlBoTFG
=005  20180331102445.0
=006  m\\\\\o\\d\\\\\\\\
=007  cr\\\\\\\\\\\\
=008  130331s2011\\\\nyuad\\\ob\\\\001\0\eng\d
=010  \\$a  2011000778
=020  \\$a9780203809051 (e-book : PDF)
=020  \\$a9780415848978 (paperback)
=020  \\$a9780415888400 (hardback)
=020  \\$a9781136672804 (e-book: Mobi)
=020  \\$a9781136672842 (e-book: ePub)
=020  \\$a9781136672859 (e-book: PDF)
=024  7\$a10.4324/9780203809051 $2doi
=035  \\$a(OCoLC)795330057
=040  \\$aFlBoTFG$cFlBoTFG$erda
=090  \\$aJV6038$b.M5455 2011
=092  \\$a325$bM636
=245  00$aMigration, nation states, and international cooperation /$cedited by Randall Hansen, Jobst Koehler, and Jeannette Money.
=264  \1$aNew York :$bRoutledge,$c2011.
=300  \\$a1 online resource (xiv, 235 pages) :$billustrations, text file, PDF
=336  \\$atext$2rdacontent
=337  \\$acomputer$2rdamedia
=338  \\$aonline resource$2rdacarrier
=490  1\$aRoutledge research in transnationalism ;$v23
=504  \\$aIncludes bibliographical references and index.
=505  0\$apt. 1. North-North cooperation -- pt. 2. North-South cooperation -- pt. 3. South-South cooperation.
=506  \\$aLicense restrictions may limit access.
=506  \\$aSubscription required for access to full text.
=530  \\$aAlso available in print format.
=650  \0$aEmigration and immigration$xGovernment policy.
=650  \0$aEmigration and immigration$xInternational cooperation.
=655  \7$aElectronic books.$2lcsh
=700  1\$aHansen, Randall.
=700  1\$aKoehler, Jobst.
=700  1\$aMoney, Jeannette.
=776  08$iPrint version: $z9780415888400$q(Hardback)
=793  0\$aTaylor & Francis online monographs (UCSD)
=830  \0$aTransnationalism.$pRoutledge research in transnationalism ;$v23.
=856 40$zTaylor & Francis. Restricted to UCSD IP addresses.$uhttps://www.taylorfrancis.com/books/9781136672859

