=LDR  02253cam a2200553Ii 4500
=001  TF9781315630441
=003  FlBoTFG
=005  20180331102445.0
=006  m\\\\\o\\d\\\\\\\\
=007  cr\\\\\\\\\\\\
=008  180331s2016\\\\enka\\\\ob\\\\001\0\eng\d
=020  \\$a9781317247050 (e-book: PDF)$q(e-book : PDF)
=020  \\$z9781317247050$q(e-book: PDF)
=020  \\$z9781317247043$q(e-book: ePub)
=020  \\$z9781317247036$q(e-book: Mobi)
=020  \\$z9781138641501$q(hardback)
=020  \\$z9781138641518$q(paperback)
=020  \\$a9781315630441 (e-book)
=020  \\$a9781317247036 (e-book: Mobi)
=020  \\$a9781317247043 (e-book: ePub)
=020  \\$a9781138641501 (hardback)
=020  \\$a9781138641518 (paperback)
=024  7\$a10.4324/9781315630441 $2doi
=035  \\$a(OCoLC)954617426
=040  \\$aFlBoTFG$cFlBoTFG$erda$beng
=043  \\$af-ua---
=050  \4$aDT60$b.R94 2016
=082  04$a932$bR989
=100  1\$aRyan, Donald P.,$eauthor.
=245  10$aAncient Egypt :$bthe basics /$cDonald P. Ryan.
=264  \1$aMilton Park, Abingdon, Oxon ;$aNew York :$bRoutledge,$c©2016.
=300  \\$a1 online resource (7 v pages) :$billustrations, text file, PDF
=336  \\$atext$2rdacontent
=337  \\$acomputer$2rdamedia
=338  \\$aonline resource$2rdacarrier
=490  1\$aBasics
=504  \\$aIncludes bibliographical references and index.
=505  0\$a1. Ancient Egypt : the loss and recovery of a civilization -- 2. Life and death in ancient Egypt -- 3. Ancient Egypt : the earlier years -- 4. The age of empire and beyond -- 5. Some big discoveries -- 6. Influences and effects -- 7. Exploring Egypt today.
=530  \\$aAlso available in print format.
=538  \\$aMode of access: World Wide Web.
=650  \0$aCivilization$xEgyptian influences.
=650  \0$aEgyptology.
=651  \0$aEgypt$xAntiquities.
=651  \0$aEgypt$xCivilization$yTo 332 B.C.
=651  \0$aEgypt$xHistory$yTo 332 B.C.
=655  \7$aElectronic books.$2lcsh
=776  08$iPrint version: $z9781138641501(Hardback)$w 2016002739
=793  0\$aTaylor & Francis online monographs (UCSD)
=830  \0$aBasics (Routledge (Firm))
=856 40$zTaylor & Francis. Restricted to UCSD IP addresses.$uhttps://www.taylorfrancis.com/books/9781317247050

