=LDR  03235cam a2200493Ii 4500
=001  TF9781315733838
=003  FlBoTFG
=005  20180331111825.0
=006  m\\\\\o\\d\\\\\\\\
=007  cr\\\\\\\\\\\\
=008  180331s2017\\\\enkad\\\ob\\\\001\0\eng\d
=020  \\$a9781317559160 (e-book: PDF)$q(e-book : PDF)
=020  \\$z9781317559160$q(e-book: PDF)
=020  \\$z9781317559153$q(e-book: ePub)
=020  \\$z9781317559146$q(e-book: Mobi)
=020  \\$z9781138827165$q(hardback)
=020  \\$z9781138827172$q(paperback)
=020  \\$a9781315733838 (e-book)
=020  \\$a9781317559146 (e-book: Mobi)
=020  \\$a9781317559153 (e-book: ePub)
=020  \\$a9781138827165 (hardback)
=020  \\$a9781138827172 (paperback)
=024  7\$a10.4324/9781315733838 $2doi
=035  \\$a(OCoLC)958779218
=040  \\$aFlBoTFG$cFlBoTFG$erda$beng
=050  \4$aRC553.A88$bD73 2017
=082  04$a616.8588206$bD763
=245  00$aDramatherapy and autism /$cedited by Deborah Haythorne and Anna Seymour.
=264  \1$aLondon :$bRoutledge,$c©2017.
=300  \\$a1 online resource (xiii, 176 pages) :$billustrations, text file, PDF
=336  \\$atext$2rdacontent
=337  \\$acomputer$2rdamedia
=338  \\$aonline resource$2rdacarrier
=490  0\$aDramatherapy : approaches, relationships, critical ideas
=504  \\$aIncludes bibliographical references and index.
=505  0\$a1. Introduction / Anna Seymour and Deborah Haythorne -- 2. Dramatherapy and autism / Deborah Haythorne and Anna Seymour -- 3. Entering colourland : working with metaphor with high-functioning autistic children / Rosalind Davidson -- 4. Do you believe in Peter Pan? / Helen Ridlington-White -- 5. Dramatherapy, autism and metaphor : meeting the silky stranger / Jeannie Lewis -- 6. Supporting agency, choice making and the expression of 'voice' with Kate : dramatherapy in a mainstream primary school setting with a 9-year-old girl diagnosed with ASD and ADHD / Emma Ramsden -- 7. Becoming visible : identifying and empowering girls on the autistic spectrum through dramatherapy / Ann Dix -- 8. Introversion, mindfulness and dramatherapy : working with young people with autism / Jeni Treves -- 9. Mother, son and then some : on autism, dramatic reality and relationship / Maria Hodermarska -- 10. Being men : men, Asperger's and dramatherapy / Adrian Benbow -- 11. 'Remember me' : dramatherapy with adults who have autism and complex needs and are non-verbal / Adrian Benbow and Jane Jackson -- 12. Assessing the impact of dramatherapy on the early social behaviour of young children on the autism spectrum / Roya Dooman -- 13. An exploration of the impact of dramatherapy on the whole system supporting children and young people on the autistic spectrum / Emma Godfrey and Deborah Haythorne.
=530  \\$aAlso available in print format.
=650  \0$aAutism$xTreatment.
=650  \0$aDrama$xTherapeutic use.
=655  \7$aElectronic books.$2lcsh
=700  1\$aHaythorne, Deborah.
=700  1\$aSeymour, Anna.
=776  08$iPrint version: $z9781138827165$q(Hardback)$w(DLC) 2015040532
=793  0\$aTaylor & Francis online monographs (UCSD)
=856 40$zTaylor & Francis. Restricted to UCSD IP addresses.$uhttps://www.taylorfrancis.com/books/9781317559160

