=LDR  02077cam a2200457Ii 4500
=001  TF9781134982172
=003  FlBoTFG
=005  20180331102139.0
=006  m\\\\\o\\d\\\\\\\\
=007  cr\\\\\\\\\\\\
=008  180331s1999\\\\enkabd\\ob\\\\001\0\eng\d
=020  \\$a9781134982172$q(e-book: PDF)
=020  \\$z9780203761021$q(e-book : PDF)
=020  \\$z9780748740000$q(paperback)
=020  \\$z9781138166264$q(hardback)
=020  \\$z9781134982240$q(e-book: ePub)
=020  \\$z9781134982318$q(e-book: Mobi)
=020  \\$a9780203761021 (e-book)
=020  \\$a9781134982318 (e-book: Mobi)
=020  \\$a9781134982240 (e-book: ePub)
=020  \\$a9781138166264 (hardback)
=020  \\$a9780748740000 (paperback)
=024  7\$a10.4324/9780203761021 $2doi
=035  \\$a(OCoLC)844429000
=040  \\$aFlBoTFG$cFlBoTFG$erda$beng
=050  \4$aGB2403.2$b.K65 1999
=082  04$a551.312$bK712
=100  1\$aKnight, Peter,$d1961,$eauthor.
=245  10$aGlaciers /$cPeter G. Knight.
=264  \1$aCheltenham [England] :$bStanley Thornes,$c©1999.
=300  \\$a1 online resource (vii, 261 pages) :$billustrations, text file, PDF
=336  \\$atext$2rdacontent
=337  \\$acomputer$2rdamedia
=338  \\$aonline resource$2rdacarrier
=504  \\$aIncludes bibliographical references (p. [227]-256) and index.
=505  0\$a1. Introduction -- 2. Glaciers and the global system -- 3. Formation and mass balance of glaciers -- 4. Material, chemical and thermal properties of glaciers -- 5. Structure and morphology of glaciers -- 6. Glacier hydrology -- 7. Movement of glaciers -- 8. Glacier fluctuations -- 9. Glacial sediment transfer and geomorphology -- 10. Glacier hazards and resources -- 11. Ice cores -- 12. Research directions in glaciology.
=530  \\$aAlso available in print format.
=650  \0$aGlaciers.
=655  \7$aElectronic books.$2lcsh
=776  08$iPrint version: $z9781138166264(Hardback)
=793  0\$aTaylor & Francis online monographs (UCSD)
=856 40$zTaylor & Francis. Restricted to UCSD IP addresses.$uhttps://www.taylorfrancis.com/books/9781134982172

