=LDR  03342cam a2200493Ii 4500
=001  TF9781315694191
=003  FlBoTFG
=005  20180331111825.0
=006  m\\\\\o\\d\\\\\\\\
=007  cr\\\\\\\\\\\\
=008  180331s2016\\\\enkad\\\ob\\\\001\0\eng\d
=020  \\$a9781317438854 (e-book: PDF)$q(e-book : PDF)
=020  \\$z9781317438854$q(e-book: PDF)
=020  \\$z9781317438847$q(e-book: ePub)
=020  \\$z9781317438830$q(e-book: Mobi)
=020  \\$z9780415741781$q(hardback)
=020  \\$z9780415741798$q(paperback)
=020  \\$a9781315694191 (e-book)
=020  \\$a9781317438830 (e-book: Mobi)
=020  \\$a9781317438847 (e-book: ePub)
=020  \\$a9780415741781 (hardback)
=020  \\$a9780415741798 (paperback)
=024  7\$a10.4324/9781315694191 $2doi
=035  \\$a(OCoLC)1000427049
=040  \\$aFlBoTFG$cFlBoTFG$erda$beng
=050  \4$aRC489.C63$bC33 2016
=082  04$a616.891425$bC337
=245  00$aCase formulation in cognitive behaviour therapy :$bthe treatment of challenging and complex cases /$cedited by Nicholas Tarrier and Judith Johnson.
=250  \\$aSecond edition.
=264  \1$aLondon ;$aNew York :$bRoutledge,$c©2016.
=300  \\$a1 online resource (xvi, 384 pages) :$billustrations, text file, PDF
=336  \\$atext$2rdacontent
=337  \\$acomputer$2rdamedia
=338  \\$aonline resource$2rdacarrier
=504  \\$aIncludes bibliographical references and index.
=505  0\$a1. Introduction / Nicholas Tarrier and Judith Johnson -- 2. Case formulation and the outcome of cognitive behaviour therapy / Jacqueline B. Persons and Janie J. Hong -- 3. Formulation from the perspective of contextualism / Helen Combes and Chris Cullen -- 4. A biopsychosocial and evolutionary approach to formulation / Paul Gilbert -- 5. Cognitive and metacognitive therapy case formulation in anxiety disorders / Adrian Wells -- 6. Cognitive behavioural case formulation for complex and recurrent depression / Anne Garland -- 7. Case conceptualisation in complex PTSD : integrating theory with practice / Deborah Lee -- 8. A cognitive behavioural case formulation approach to the treatment of psychosis / Sandra Bucci and Nicholas Tarrier -- 9. Cognitive behavioural case formulation in bipolar disorder / Elizabeth Tyler and Steven Jones -- 10. Cognitive behavioural formulation for personality problems / Henck van Bilsen and Simone Lindsey -- 11. Cognitive behavioural case formulation in complex eating disorder / Helen Startup ... [et al.] -- 12. Case formulation in suicidal behaviour / Daniel Pratt ... [et al.] -- 13. Physical health problems : a framework and checklist for case formulation / Craig A. White -- 14. Formulating collaboratively with carers / Katherine Berry and Fiona Lobban -- 15. Working with people seeking asylum / Jake Bowley and Colsom Bashir -- 16. Clinical supervision / Helen Beinart and Sue Clohessy.
=530  \\$aAlso available in print format.
=650  \0$aCognitive therapy$vCase studies.
=650  \0$aCognitive therapy.
=655  \7$aElectronic books.$2lcsh
=700  1\$aJohnson, Judith,$d1955-
=700  1\$aTarrier, Nicholas.
=776  08$iPrint version: $z9780415741781$q(Hardback)$w(DLC) 2015004173
=793  0\$aTaylor & Francis online monographs (UCSD)
=856 40$zTaylor & Francis. Restricted to UCSD IP addresses.$uhttps://www.taylorfrancis.com/books/9781317438854

