=LDR  01885cam a2200469Ii 4500
=001  TF9781315685175
=003  FlBoTFG
=005  20180331102445.0
=006  m\\\\\o\\d\\\\\\\\
=007  cr\\\\\\\\\\\\
=008  130331s2016\\\\enka\\\\ob\\\\001\0\eng\d
=020  \\$a9781317411376 (e-book: PDF)$q(e-book : PDF)
=020  \\$z9781317411376$q(e-book: PDF)
=020  \\$z9781317411369$q(e-book: ePub)
=020  \\$z9781317411352$q(e-book: Mobi)
=020  \\$z9780415781275$q(hardback)
=020  \\$z9780415781282$q(paperback)
=020  \\$a9781315685175 (e-book)
=020  \\$a9781317411352 (e-book: Mobi)
=020  \\$a9781317411369 (e-book: ePub)
=020  \\$a9780415781275 (hardback)
=020  \\$a9780415781282 (paperback)
=024  7\$a10.4324/9781315685175 $2doi
=035  \\$a(OCoLC)958108553
=040  \\$aFlBoTFG$cFlBoTFG$erda$beng
=050  \4$aJC423$b.D655 2016
=082  04$a321.8$bD537
=100  1\$aDiamond, Larry.,$eauthor.
=245  10$aIn search of democracy /$cLarry Diamond.
=264  \1$aLondon ;$aNew York :$bRoutledge,$c©2016.
=300  \\$a1 online resource (xv, 469 pages) :$billustrations, text file, PDF
=336  \\$atext$2rdacontent
=337  \\$acomputer$2rdamedia
=338  \\$aonline resource$2rdacarrier
=504  \\$aIncludes bibliographical references and index.
=505  0\$apt. 1. The dynamics and foundations of democracy -- pt. 2. In search of democracy in Africa -- pt. 3. In search of democracy in Asia -- pt. 4. Promoting democracy : policy implications.
=530  \\$aAlso available in print format.
=650  \0$aComparative government.
=650  \0$aDemocracy.
=655  \7$aElectronic books.$2lcsh
=776  08$iPrint version: $z9780415781275(Hardback)$w 2015003888
=793  0\$aTaylor & Francis online monographs (UCSD)
=856 40$zTaylor & Francis. Restricted to UCSD IP addresses.$uhttps://www.taylorfrancis.com/books/9781317411376

