=LDR  01988cam a2200481Ii 4500
=001  TF9781315574905
=003  FlBoTFG
=005  20180331102445.0
=006  m\\\\\o\\d\\\\\\\\
=007  cr\\\\\\\\\\\\
=008  180331r20162015enka\\\\ob\\\\001\0\eng\d
=020  \\$a9781317157632 (e-book: PDF)$q(e-book : PDF)
=020  \\$z9781317157632$q(e-book: PDF)
=020  \\$z9781317157625$q(e-book: ePub)
=020  \\$z9781317157618$q(e-book: Mobi)
=020  \\$z9781472425829$q(hardback)
=020  \\$z9781138053595$q(paperback)
=020  \\$a9781315574905 (e-book)
=020  \\$a9781317157618 (e-book: Mobi)
=020  \\$a9781317157625 (e-book: ePub)
=020  \\$a9781472425829 (hardback)
=020  \\$a9781138053595 (paperback)
=024  7\$a10.4324/9781315574905 $2doi
=035  \\$a(OCoLC)948604144
=040  \\$aFlBoTFG$cFlBoTFG$erda$beng
=050  \4$aHV11$b.C75 2016
=082  04$a361.0072$bC934
=245  00$aCritical and creative research methodologies in social work /$cedited by Lia Bryant.
=264  \1$aLondon ;$aNew York :$bRoutledge,$c©2016.
=300  \\$a1 online resource (166 pages) :$billustrations, text file, PDF
=336  \\$atext$2rdacontent
=337  \\$acomputer$2rdamedia
=338  \\$aonline resource$2rdacarrier
=500  \\$aFirst published 2015 by Ashgate Publishing.
=504  \\$aIncludes bibliographical references and index.
=505  0\$apt. 1. Narrative and action : transforming social work research and practice -- pt. 2. Creating critical exchanges in social work using visual and textual methods.
=530  \\$aAlso available in print edition.
=538  \\$aMode of access: World Wide Web.
=650  \0$aSocial service$xResearch$xMethodology.
=655  \7$aElectronic books.$2lcsh
=700  1\$aBryant, Lia.
=776  08$iPrint version: $z9781472425829(Hardback)$w 2015002209
=793  0\$aTaylor & Francis online monographs (UCSD)
=856 40$zTaylor & Francis. Restricted to UCSD IP addresses.$uhttps://www.taylorfrancis.com/books/9781317157632

