=LDR  02268cam a2200481Ii 4500
=001  TF9781315723211
=003  FlBoTFG
=005  20180331111825.0
=006  m\\\\\o\\d\\\\\\\\
=007  cr\\\\\\\\\\\\
=008  180331s2017\\\\enka\\\\ob\\\\001\0\eng\d
=020  \\$a9781317527299 (e-book: PDF)$q(e-book : PDF)
=020  \\$z9781317527299$q(e-book: PDF)
=020  \\$z9781317527275$q(e-book: Mobi)
=020  \\$z9781138852884$q(hardback)
=020  \\$a9781315723211 (e-book)
=020  \\$a9781317527275 (e-book: Mobi)
=020  \\$a9781138852884 (hardback)
=024  7\$a10.4324/9781315723211 $2doi
=035  \\$a(OCoLC)965826035
=040  \\$aFlBoTFG$cFlBoTFG$erda$beng
=043  \\$acl-----
=050  \4$aND2602$b.R83 2017
=082  04$a306.47098$bR988
=100  1\$aRyan, Holly Eva.,$eauthor.
=245  10$aPolitical street art :$bcommunication, culture and resistance in Latin America /$cHolly Eva Ryan.
=264  \1$aLondon ;$aNew York :$bRoutledge,$c©2017.
=300  \\$a1 online resource (148 pages) :$billustrations, text file, PDF
=336  \\$atext$2rdacontent
=337  \\$acomputer$2rdamedia
=338  \\$aonline resource$2rdacarrier
=490  1\$aRoutledge research in place, space and politics
=504  \\$aIncludes bibliographical references and index.
=505  0\$a1. Introduction -- 2. From 'excommunication' to political expression : conceptualising political street art in Latin America -- 3. 'Tupinaquim o Tupinaoda?' : rethinking street art in Brazil -- 4. Pintadas and performances : street art, identity and resistance in Bolivia -- 5. Argentine street art : expression, crisis and change -- 6. Conclusion.
=530  \\$aAlso available in print format.
=650  \0$aProtest movements$zLatin America.
=650  \0$aPublic spaces$xPolitical aspects$zLatin Ameria.
=650  \0$aStreet art$xPolitical aspects$zLatin America.
=651  \0$aLatin America$xPolitics and government$y1980-
=655  \7$aElectronic books.$2lcsh
=776  08$iPrint version: $z9781138852884$q(Hardback)$w(DLC) 2016030843
=793  0\$aTaylor & Francis online monographs (UCSD)
=830  \0$aRoutledge research in place, space and politics series.
=856 40$zTaylor & Francis. Restricted to UCSD IP addresses.$uhttps://www.taylorfrancis.com/books/9781317527299

