=LDR  02125cam a2200505Ii 4500
=001  TF9781315678290
=003  FlBoTFG
=005  20180331111825.0
=006  m\\\\\o\\d\\\\\\\\
=007  cr\\\\\\\\\\\\
=008  180331s2017\\\\enk\\\\\ob\\\\001\0\eng\d
=020  \\$a9781317390756 (e-book: PDF)$q(e-book : PDF)
=020  \\$z9781317390756$q(e-book: PDF)
=020  \\$z9781317390732$q(e-book: Mobi)
=020  \\$z9781138933941$q(hardback)
=020  \\$a9781315678290 (e-book)
=020  \\$a9781317390732 (e-book: Mobi)
=020  \\$a9781138933941 (hardback)
=024  7\$a10.4324/9781315678290 $2doi
=035  \\$a(OCoLC)960040889
=040  \\$aFlBoTFG$cFlBoTFG$erda$beng
=043  \\$ae-uk-ni
=050  \4$aHV6433.G7$bC58 2017
=082  04$a322.4209416$bC649
=100  1\$aClubb, Gordon.,$eauthor.
=245  10$aSocial movement de-radicalisation and the decline of terrorism :$bthe morphogenesis of the Irish Republican movement /$cGordon Clubb.
=264  \1$aAbingdon, Oxon ;$aNew York, N.Y. :$bRoutledge,$c©2017.
=300  \\$a1 online resource (179 pages) :$btext file, PDF
=336  \\$atext$2rdacontent
=337  \\$acomputer$2rdamedia
=338  \\$aonline resource$2rdacarrier
=490  1\$aContemporary terrorism studies
=504  \\$aIncludes bibliographical references and index.
=505  0\$a1. A social movement approach -- 2. The Irish Republican movement -- 3. Framing disengagement -- 4. The disengagement domino effect -- 5. The next generation.
=530  \\$aAlso available in print format.
=610  20$aIrish Republican Army.
=650  \0$aConflict management$zNorthern Ireland.
=650  \0$aPeace movements$zNorthern Ireland.
=650  \0$aPolitical violence$zNorthern Ireland.
=650  \0$aSocial movements$zNorthern Ireland.
=650  \0$aTerrorism$zNorthern Ireland.
=655  \7$aElectronic books.$2lcsh
=776  08$iPrint version: $z9781138933941(Hardback)$w 2016018286
=793  0\$aTaylor & Francis online monographs (UCSD)
=830  \0$aContemporary terrorism studies.
=856 40$zTaylor & Francis. Restricted to UCSD IP addresses.$uhttps://www.taylorfrancis.com/books/9781317390756

