=LDR  02006cam a2200481Ii 4500
=001  TF9781315561417
=003  FlBoTFG
=005  20180331111825.0
=006  m\\\\\o\\d\\\\\\\\
=007  cr\\\\\\\\\\\\
=008  180331s2017\\\\enk\\\\\o\\\\\001\0\eng\d
=020  \\$a9781317201281 (e-book: PDF)$q(e-book : PDF)
=020  \\$z9781317201281$q(e-book: PDF)
=020  \\$z9781317201267$q(e-book: Mobi)
=020  \\$z9781138781795$q(hardback)
=020  \\$z9781138781818$q(paperback)
=020  \\$a9781315561417 (e-book)
=020  \\$a9781317201267 (e-book: Mobi)
=020  \\$a9781138781795 (hardback)
=020  \\$a9781138781818 (paperback)
=024  7\$a10.4324/9781315561417 $2doi
=035  \\$a(OCoLC)957777322
=040  \\$aFlBoTFG$cFlBoTFG$erda$beng
=050  \4$aPL935$b.Y7 2017
=082  04$a495.7321$bY519
=100  1\$aYi, Sŏn-hŭi,$d1968-,$eauthor.
=245  12$aA frequency dictionary of Korean :$bcore vocabulary for learners /$cSun-Hee Lee, Seok Bae Jang and Sang Kyu Seo.
=264  \1$aMilton Park, Abingdon, Oxon ;$aNew York :$bRoutledge,$c©[2017]
=300  \\$a1 online resource (viii, 348 pages) :$btext file, PDF
=336  \\$atext$2rdacontent
=337  \\$acomputer$2rdamedia
=338  \\$aonline resource$2rdacarrier
=500  \\$aIncludes index.
=505  0\$aThematic vocabulary lists -- Series preface -- Abbreviations -- Introduction -- Frequency index -- Alphabetical index -- Part of speech index.
=530  \\$aAlso available in print format.
=650  \0$aKorean language$vTextbooks for foreign speakers.
=650  \0$aKorean language$xStudy and teaching$xForeign speakers.
=650  \0$aKorean language$xUsage$vDictionaries.
=655  \7$aElectronic books.$2lcsh
=700  1\$aChang, Sŏk-pae,$d1968-
=700  1\$aSŏ, Sang-gyu.
=776  08$iPrint version: $z9781138781795(Hardback)$w 2015049088
=793  0\$aTaylor & Francis online monographs (UCSD)
=856 40$zTaylor & Francis. Restricted to UCSD IP addresses.$uhttps://www.taylorfrancis.com/books/9781317201281

