=LDR  03686cam a2200493Ii 4500
=001  TF9781315717432
=003  FlBoTFG
=005  20180331111825.0
=006  m\\\\\o\\d\\\\\\\\
=007  cr\\\\\\\\\\\\
=008  180331s2017\\\\enkab\\\ob\\\\001\0\eng\d
=020  \\$a9781317509981 (e-book: PDF)$q(e-book : PDF)
=020  \\$z9781317509981$q(e-book: PDF)
=020  \\$z9781317509967$q(e-book: Mobi)
=020  \\$z9781138859227$q(hardback)
=020  \\$a9781315717432 (e-book)
=020  \\$a9781317509967 (e-book: Mobi)
=020  \\$a9781138859227 (hardback)
=024  7\$a10.4324/9781315717432 $2doi
=035  \\$a(OCoLC)965826894
=040  \\$aFlBoTFG$cFlBoTFG$erda$beng
=050  \4$aHD1691$b.P623 2017
=082  04$a333.91$bP769
=245  04$aThe politics of fresh water :$baccess, conflict and identity /$cedited by Catherine M. Ashcraft and Tamar Mayer.
=264  \1$aLondon ;$aNew York :$bRoutledge,$c©2017.
=300  \\$a1 online resource (xiv, 244 pages) :$billustrations, text file, PDF
=336  \\$atext$2rdacontent
=337  \\$acomputer$2rdamedia
=338  \\$aonline resource$2rdacarrier
=490  1\$aEarthscan studies in water resource management
=504  \\$aIncludes bibliographical references and index.
=505  0\$a1. The politics of fresh water : setting the stage / Tamar Mayer and Catherine M. Ashcraft -- 2. Ancient Roman water rights and commons theory / Cynthia J. Bannon -- 3. Legal mobilization and the politics of water pollution : the case of the Matanza-Riachuelo basin in Argentina / Daniel Ryan and Andres Napoli -- 4. Does river basin governance mean wider access to river management? A long-term perspective from the Tennessee, Columbia, and Connecticut rivers / Eve Vogel -- 5. Shifting currents in water diplomacy : negotiating conflict in the Danube and Nile River basins / Catherine M. Ashcraft -- 6. The era of big dam building : it ain't over till it's over / Francis J. Magilligan, Chris S. Sneddon, and Coleen A. Fox -- 7. Oil and water don't mix : impacts of oil and gas development on Sakhalin's water resources / Jessica K. Graybill -- 8. The plight of New Zealand's watersheds / Michael Vincent McGinnis -- 9. Cultural water wars : power and hegemony in the semiotics of water / David Groenfeldt -- 10. Theorizing gender, ethnic difference, and inequality in relation to water access and politics in southeastern Turkey / Leila M. Harris -- 11. Water, life, and community in the arid realm : the curious case of karez and acequia / Daanish Mustafa -- 12. The politics of muddled waters in Gujarat : a religious nationalist development model's treatment of water / Pushpa Iyer -- 13. In hidden view : how water became a catalyst for indigenous farmworker resistance in Baja California, Mexico / Marcos Lopez -- 14. From management to governance : rethinking water policy and privatization on Easter Island / Maria Alessandra Woolson -- 15. Strange waters : from confluence to vortex in the Los Angeles Basin / T.S. McMillin.
=530  \\$aAlso available in print format.
=650  \0$aWater resources development$xPolitical aspects.
=650  \0$aWater rights.
=650  \0$aWater security$xPolitical aspects.
=650  \0$aWater supply$xPolitical aspects.
=650  \0$aWatershed management$xPolitical aspects.
=655  \7$aElectronic books.$2lcsh
=700  1\$aAshcraft, Catherine M.
=700  1\$aMayer, Tamar,$d1952-
=776  08$iPrint version: $z9781138859227$q(Hardback)$w(DLC) 2016027943
=793  0\$aTaylor & Francis online monographs (UCSD)
=830  \0$aEarthscan studies in water resource management.
=856 40$zTaylor & Francis. Restricted to UCSD IP addresses.$uhttps://www.taylorfrancis.com/books/9781317509981

