=LDR  02626cam a2200505Ii 4500
=001  TF9781317268260
=003  FlBoTFG
=005  20180331111825.0
=006  m\\\\\o\\d\\\\\\\\
=007  cr\\\\\\\\\\\\
=008  180331s2018\\\\enka\\\\ob\\\\001\0\eng\d
=020  \\$a9781317268260$q(e-book: PDF)
=020  \\$z9781315637518$q(e-book)
=020  \\$z9781317268246$q(e-book: Mobi)
=020  \\$z9781138638921$q(hardback)
=020  \\$a9781315637518 (e-book)
=020  \\$a9781317268246 (e-book: Mobi)
=020  \\$a9781138638921 (hardback)
=024  7\$a10.4324/9781315637518 $2doi
=035  \\$a(OCoLC)1004025776
=040  \\$aFlBoTFG$beng$erda$cFlBoTFG
=050  \4$aHM646$b.R68 2018
=082  04$a306.1$bR869
=245  04$aThe Routledge Companion to Media Fandom /$cedited by Melissa A. Click and Suzanne Scott.
=250  \\$aFirst edition.
=264  \1$aLondon :$bTaylor and Francis,$c©2018.
=300  \\$a1 online resource (xviii, 480 pages) :$billustrations, text file, PDF
=336  \\$atext$2rdacontent
=337  \\$acomputer$2rdamedia
=338  \\$aonline resource$2rdacarrier
=490  0\$aRoutledge Media and Cultural Studies Companions
=504  \\$aIncludes bibliographical references and index.
=520  \\$a"The field of fan studies has seen exponential growth in recent years and this companion brings together an internationally and interdisciplinarily diverse group of established scholars to reflect on the state of the field and to point to new research directions. Engaging an impressive array of media texts and formats and incorporating a variety of methodologies, this collection is organized into six main sections: methods and ethics, technologies and practices, identities, race and transcultural fandom, industry, and futures. Each section concludes with a conversation among some of the field's leading scholars and industry insiders to address a wealth of questions relevant to each section topic. "--Provided by publisher.
=530  \\$aAlso available in print format.
=650  \0$aDigital media$xSocial aspects.
=650  \0$aFan fiction.
=650  \0$aFans (Persons)$xPsychology.
=650  \0$aOnline social networks$xSocial aspects.
=650  \0$aPopular culture.
=650  \0$aTechnological innovations$xSocial aspects.
=655  \7$aElectronic books.$2lcsh
=700  1\$aClick, Melissa A.,$eeditor...
=700  1\$aScott, Suzanne,$eeditor...
=776  08$iPrint version: $z9781138638921(Hardback)$w 2018347953
=793  0\$aTaylor & Francis online monographs (UCSD)
=856 40$zTaylor & Francis. Restricted to UCSD IP addresses.$uhttps://www.taylorfrancis.com/books/9781317268260

