=LDR  02467cam a2200445Ii 4500
=001  TF9781315447568
=003  FlBoTFG
=005  20180330125217.0
=006  m\\\\\o\\d\\\\\\\\
=007  cr\\\\\\\\\\\\
=008  180331s2017\\\\nyuac\\\ob\\\\001\0\eng\d
=020  \\$a9781315447551 (e-book: PDF)$q(e-book : PDF)
=020  \\$z9781315447551$q(e-book: PDF)
=020  \\$z9781315447537$q(e-book: Mobi)
=020  \\$z9781138213807$q(hardback)
=020  \\$a9781315447568 (e-book)
=020  \\$a9781315447537 (e-book: Mobi)
=020  \\$a9781138213807 (hardback)
=024  7\$a10.4324/9781315447568 $2doi
=035  \\$a(OCoLC)959978426
=040  \\$aFlBoTFG$beng$erda$cFlBoTFG
=043  \\$an-us---
=050  \4$aHG2555$b.B36 2017
=082  04$a332.12230973$bB218
=245  00$aBanking modifern America :$bstudies in regulatory history /$cedited by Jesse Stiller.
=264  \1$aNew York :$bRoutledge,$c©2017.
=300  \\$a1 online resource :$btext file, PDF
=336  \\$atext$btxt$2rdacontent
=337  \\$acomputer$bc$2rdamedia
=338  \\$aonline resource$bcr$2rdacarrier
=504  \\$aIncludes bibliographical references and index.
=505  0\$a1. Introduction / Jesse Stiller -- 2. Origins of the National Bank Act and national currency / Peter Huntoon -- 3. National bank notes and the practical limits of nationalization / Franklin Noll -- 4. Charter No. 1: first among national banks / Marianne Babal -- 5. E.T. Wilson and the banks : a case study in government regulation and service / Paula Petrik -- 6. Stabilizing the national banking system, 1864-1913 : the role of bank examination / Eugene N. White -- 7. Founding the fourth branch : the Office of the Comptroller of the Currency / Jesse Stiller -- 8. National bank preemption and the financial crisis of 2008 / Raymond Natter -- 9. The measure of a regulator : the office of thrift supervision, 1989-2011 / Paula Dejmek Woods.
=530  \\$aAlso available in print format.
=610  10$aUnited States.$bOffice of the Comptroller of the Currency$xHistory.
=650  \0$aBanks and banking$xState supervision$zUnited States$xHistory.
=650  \0$aNational banks (United States)$xHistory.
=655  \7$aElectronic books.$2lcsh
=700  1\$aStiller, Jesse,$eeditor...
=776  08$iPrint version: $z9781138213807(Hardback)$w 2016020585
=793  0\$aTaylor & Francis online monographs (UCSD)
=856 40$zTaylor & Francis. Restricted to UCSD IP addresses.$uhttps://www.taylorfrancis.com/books/9781315447551

