=LDR  03114cam a2200529Ii 4500
=001  TF9781315693781
=003  FlBoTFG
=005  20180331111825.0
=006  m\\\\\o\\d\\\\\\\\
=007  cr\\\\\\\\\\\\
=008  180331s2016\\\\enk\\\\\ob\\\\001\0\eng\d
=020  \\$a9781317437536 (e-book: PDF)$q(e-book : PDF)
=020  \\$z9781317437536$q(e-book: PDF)
=020  \\$z9781317437529$q(e-book: ePub)
=020  \\$z9781317437512$q(e-book: Mobi)
=020  \\$z9781138909786$q(hardback)
=020  \\$z9781138909816$q(paperback)
=020  \\$a9781315693781 (e-book)
=020  \\$a9781317437512 (e-book: Mobi)
=020  \\$a9781317437529 (e-book: ePub)
=020  \\$a9781138909786 (hardback)
=020  \\$a9781138909816 (paperback)
=024  7\$a10.4324/9781315693781 $2doi
=035  \\$a(OCoLC)922966044
=040  \\$aFlBoTFG$cFlBoTFG$erda$beng
=043  \\$af------
=050  \4$aJZ1773$b.A9165 2016
=082  04$a327.6$bA258
=245  00$aAfrica in global international relations :$bemerging approaches to theory and practice /$cedited by Paul-Henri Bischoff, Kwesi Aning and Amitav Acharya.
=264  \1$aLondon ;$aNew York :$bRoutledge,$c©2016.
=300  \\$a1 online resource (xvii, 180 pages) :$btext file, PDF
=336  \\$atext$2rdacontent
=337  \\$acomputer$2rdamedia
=338  \\$aonline resource$2rdacarrier
=490  1\$aRoutledge studies in African politics and international relations ;$v9
=504  \\$aIncludes bibliographical references and index.
=505  0\$a1. Africa in global international relations : emerging approaches to theory and practice, an introduction / Paul-Henri Bischoff, Kwesi Aning and Amitav Acharya -- 2. A critique of failing international relations theories in African tests / Ahmed Ali Salem -- 3. Subversion of an ordinary kind : gender, security and everyday theory in Africa / Heidi Hudson -- 4. Disciplining the developing world? Perspectives from a South African IR / Candice Moore -- 5. African agency in international relations : challenging great power politics? / Lesley Blaauw -- 6. Africa in international relations : agent, bystander or victim? / Jo-Ansie vanWyck -- 7. An emerging, established or receding normative agent? Probing the African Union's recent response to and intervention in Libya / Gerrie Swart -- 8. Africanizing the international and internationalizing Africa : security, war on terror and Mali / Kwesi Aning and Nancy Annan -- 9. Bridging the gap : the pan-African school and international relations theory / Tim Murithi.
=530  \\$aAlso available in print format.
=651  \0$aAfrica$xForeign relations.
=651  \0$aInternational relations$xPhilosophy.
=655  \7$aElectronic books.$2lcsh
=700  1\$aAcharya, Amitav.
=700  1\$aAning, Kwesi.
=700  1\$aBischoff, Paul,$d1954-
=776  08$iPrint version: $z9781138909786$q(Hardback)$w(DLC)  2015016790
=793  0\$aTaylor & Francis online monographs (UCSD)
=830  \0$aRoutledge studies on African politics and international relations ;$v9.
=856 40$zTaylor & Francis. Restricted to UCSD IP addresses.$uhttps://www.taylorfrancis.com/books/9781317437536

