=LDR  02256cam a2200505Ii 4500
=001  TF9781315647005
=003  FlBoTFG
=005  20180331111825.0
=006  m\\\\\o\\d\\\\\\\\
=007  cr\\\\\\\\\\\\
=008  180331s2017\\\\nyua\\\\ob\\\\001\0\eng\d
=020  \\$a9781317296713 (e-book: PDF)$q(e-book : PDF)
=020  \\$z9781317296713$q(e-book: PDF)
=020  \\$z9781317296690$q(e-book: Mobi)
=020  \\$z9781138126213$q(hardback)
=020  \\$z9781138126220$q(paperback)
=020  \\$a9781315647005 (e-book)
=020  \\$a9781317296690 (e-book: Mobi)
=020  \\$a9781138126213 (hardback)
=020  \\$a9781138126220 (paperback)
=024  7\$a10.4324/9781315647005 $2doi
=035  \\$a(OCoLC)953738677
=040  \\$aFlBoTFG$cFlBoTFG$erda$beng
=050  \4$aRC394.W6$bG73 2017
=082  04$a616.8553$bG763
=100  1\$aGrant, David.,$eauthor.
=245  10$aThat's the way I think :$bdyslexia, dyspraxia, ADHD and dyscalculia explained /$cDavid Grant ; with illustrations by Hannah Evelyn French.
=250  \\$aThird edition.
=264  \1$aNew York :$bRoutledge,$c©2017.
=300  \\$a1 online resource (ix, 174 pages) :$billustrations, text file, PDF
=336  \\$atext$2rdacontent
=337  \\$acomputer$2rdamedia
=338  \\$aonline resource$2rdacarrier
=500  \\$aPrevious edition: 2010.
=504  \\$aIncludes bibliographical references and index.
=505  0\$a1. Dyslexia, dyspraxia and ADHD : the common ground -- 2. What is dyslexia? -- 3. What is dyspraxia? -- 4. What is ADHD? -- 5. What is dyscalculia? -- 6. Visualisation and synaesthesia -- 7. Colours and reading -- 8. Being creating : or becoming creative? -- 9. Sports and genes -- 10. Invisible girls, invisible women -- 11. Sleep -- 12. Neurodiversity and concluding remarks.
=530  \\$aAlso available in print format.
=650  \0$aApraxia.
=650  \0$aAttention-deficit hyperactivity disorder.
=650  \0$aDyslexia.
=653  \0$aDyscalculia
=655  \7$aElectronic books.$2lcsh
=700  1\$aFrench, Hannah Evelyn.
=776  08$iPrint version: $z9781138126213(Hardback)$w 2016032529
=793  0\$aTaylor & Francis online monographs (UCSD)
=856 40$zTaylor & Francis. Restricted to UCSD IP addresses.$uhttps://www.taylorfrancis.com/books/9781317296713

