=LDR  01796cam a2200445Ii 4500
=001  TF9781351721004
=003  FlBoTFG
=005  20180330125217.0
=006  m\\\\\o\\d\\\\\\\\
=007  cr\\\\\\\\\\\\
=008  180331s2017\\\\nyu\\\\\o\\\\\000\0\eng\d
=020  \\$a9781351721004$q(e-book: PDF)
=020  \\$z9781315180991$q(e-book)
=020  \\$z9781351720984$q(e-book: Mobi)
=020  \\$z9781138744486$q(hardback)
=020  \\$z9781138744509$q(paperback)
=020  \\$a9781315180991 (e-book)
=020  \\$a9781351720984 (e-book: Mobi)
=020  \\$a9781138744486 (hardback)
=020  \\$a9781138744509 (paperback)
=024  7\$a10.4324/9781315180991 $2doi
=035  \\$a(OCoLC)990300033
=040  \\$aDLC$beng$dFlBoTFG$erda$cDLC
=050  \4$aRC116.S8$bA53 2017
=082  04$a616.92$bA548
=100  1\$aAndiferson, Patrick,$d1974-,$eauthor.
=245  10$aAutobiography of a disease /$cPatrick Andiferson.
=264  \1$aNew York, NY :$bRoutledge,$c©2017.
=300  \\$a1 online resource :$btext file, PDF
=336  \\$atext$btxt$2rdacontent
=337  \\$acomputer$bc$2rdamedia
=338  \\$aonline resource$bcr$2rdacarrier
=490  0\$aWriting lives: ethnographic narratives
=505  0\$achapter Prelude -- chapter Part I -- chapter Part II -- chapter Part III -- chapter Part IV -- chapter Part V -- chapter Part VI -- chapter Coda -- chapter Afterword -- chapter Acknowledgments.
=530  \\$aAlso available in print format.
=650  \0$aMethicillin resistance.
=650  \0$aStaphylococcus aureus infections.
=655  \7$aElectronic books.$2lcsh
=776  08$iPrint version: $z9781138744486(Hardback)$w 2016058684
=793  0\$aTaylor & Francis online monographs (UCSD)
=856 40$zTaylor & Francis. Restricted to UCSD IP addresses.$uhttps://www.taylorfrancis.com/books/9781351721004

