=LDR  05481cam a2200589Ii 4500
=001  TF9781315720678
=003  FlBoTFG
=005  20180331111825.0
=006  m\\\\\o\\d\\\\\\\\
=007  cr\\\\\\\\\\\\
=008  180331s2016\\\\enkac\\\ob\\\\001\0\eng\d
=020  \\$a9781317519676 (e-book: PDF)$q(e-book : PDF)
=020  \\$z9781317519676$q(e-book: PDF)
=020  \\$z9781317519669$q(e-book: ePub)
=020  \\$z9781317519652$q(e-book: Mobi)
=020  \\$z9781138854901$q(hardback)
=020  \\$z9781138854918$q(paperback)
=020  \\$a9781315720678 (e-book)
=020  \\$a9781317519652 (e-book: Mobi)
=020  \\$a9781317519669 (e-book: ePub)
=020  \\$a9781138854901 (hardback)
=020  \\$a9781138854918 (paperback)
=024  7\$a10.4324/9781315720678 $2doi
=035  \\$a(OCoLC)950459629
=040  \\$aFlBoTFG$cFlBoTFG$erda$beng
=043  \\$ae-uk-en
=050  \4$aDA110$b.M153 2016
=082  04$a306.094209034$bM235
=245  04$aThe making of English popular culture /$cedited by John Storey.
=264  \1$aMilton Park, Abingdon, Oxon ;$aNew York :$bRoutledge,$c©2016.
=300  \\$a1 online resource (xiii, 234 pages) :$billustrations, text file, PDF
=336  \\$atext$2rdacontent
=337  \\$acomputer$2rdamedia
=338  \\$aonline resource$2rdacarrier
=490  1\$aDirections in cultural history
=504  \\$aIncludes bibliographical references and index.
=505  0\$a1. "The man of penetration and the girl of capacity" : negotiating power in erotic culture / Jenny Skipp -- 2. "But it's more than a game. It's an institution" : cricket, class and Victorian Britain's imperial Englishness / Claire Westall -- 3. 'Drivel for dregs' : perceptions of class, race and gender in British music hall, 1850-1914 / Dave Huxley and David James -- 4. Reading historical photographs : class and gender in nineteenth-century images of Wigan pit brow women / Sarah Edge -- 5. Inventing the Victorian boy : S.O. Beeton's The boy's own magazine / Jochen Petzold -- 6. Accept no substitutions! : advertising, gender and "race" in constructions of the consumer in the nineteenth century / Allison Cavanagh -- 7. Liminal seaside? Working-class tourism in the nineteenth century / Robert Troschitz -- 8. Shocking readers : the genres of Victorian popular fiction, the classes and the book market / Ralf Schneider -- 9. Picturing adventure : popular fiction, illustration, and the British Empire, 1875-1914 / Ralph Crane and Lisa Fletcher -- 10. "For the benefit of old boys, young boys, odd boys generally, and even girls" : the irresistible rise of the British comic, 1884-1900 / Robert Shail -- 11. The spectacle of speech : Victorian popular lectures and mass print culture / Anne-Julia Zwierlein -- 12. "You ought to see my phonograph" : the visual wonder of recorded sound (1877-1900) / Elodie A. Roy -- 13. Class and the invention of tradition : the cases of Christmas, football, and folksong / John Storey -- 14. Ripping yarns : capturing (not catching) and constructing the myth of Jack the Ripper in nineteenth-century London / John Paul Green.
=520  2\$a"The Making of English Popular Culture provides an account of the making of popular culture in the nineteenth century. While a form of what we might describe as popular culture existed before this period, John Storey has assembled a collection that demonstrates how what we now think of as popular culture first emerged as a result of the enormous changes that accompanied the industrial revolution. Particularly significant are the technological changes that made the production of new forms of culture possible and the concentration of people in urban areas that created significant audiences for this new culture. Consisting of fourteen original chapters that cover diverse topics ranging from seaside holidays and the invention of Christmas tradition, to advertising, music and popular fiction, the collection aims to enhance our understanding of the relationship between culture and power, as explored through areas such as 'race', ethnicity, class, sexuality and gender. It also aims to encourage within cultural studies a renewed historical sense when engaging critically with popular culture by exploring the historical conditions surrounding the existence of popular texts and practices. Written in a highly accessible style The Making of English Popular Culture is an ideal text for undergraduates studying cultural and media studies, literary studies, cultural history and visual culture"--Provided by publisher.
=530  \\$aAlso available in print format.
=650  \0$aPopular culture$zEngland$xHistory$y19th century.
=650  \0$aPower (Social sciences)$zEngland$xHistory$y19th century.
=650  \0$aSocial change$zEngland$xHistory$y19th century.
=650  \0$aTechnological innovations$xSocial aspects$zEngland$xHistory$y19th century.
=650  \0$aUrbanization$xSocial aspects$zEngland$xHistory$y19th century.
=651  \0$aEngland$xIntellectual life$y19th century.
=651  \0$aEngland$xSocial conditions$y19th century.
=651  \0$aEngland$xSocial life and customs$y19th century.
=655  \7$aElectronic books.$2lcsh
=700  1\$aStorey, John,$d1950-
=776  08$iPrint version: $z9781138854901$q(Hardback)$w(DLC) 2015041192
=793  0\$aTaylor & Francis online monographs (UCSD)
=830  \0$aDirections in cultural history (London, England)
=856 40$zTaylor & Francis. Restricted to UCSD IP addresses.$uhttps://www.taylorfrancis.com/books/9781317519676

