=LDR  02245cam a2200481Ii 4500
=001  TF9781315748146
=003  FlBoTFG
=005  20180331111825.0
=006  m\\\\\o\\d\\\\\\\\
=007  cr\\\\\\\\\\\\
=008  180331s2017\\\\nyu\\\\\ob\\\\001\0\eng\d
=020  \\$a9781317604907 (e-book: PDF)$q(e-book : PDF)
=020  \\$z9781317604907$q(e-book: PDF)
=020  \\$z9781317604884$q(e-book: Mobi)
=020  \\$z9781138813458$q(hardback)
=020  \\$a9781315748146 (e-book)
=020  \\$a9781317604884 (e-book: Mobi)
=020  \\$a9781138813458 (hardback)
=024  7\$a10.4324/9781315748146 $2doi
=035  \\$a(OCoLC)970041874
=040  \\$aFlBoTFG$cFlBoTFG$erda$beng
=043  \\$an-us---$ae-uk---$au-at---
=050  \4$aHQ515$b.V363 2017
=082  04$a306.810973$bV217
=100  1\$aVan Acker, Elizabeth.,$eauthor.
=245  10$aMarriage and values in public policy :$bconflicts in the UK, the US and Australia /$cElizabeth van Acker.
=264  \1$aNew York, N.Y. :$bRoutledge,$c©2017.
=300  \\$a1 online resource (xiv, 208 pages) :$btext file, PDF
=336  \\$atext$2rdacontent
=337  \\$acomputer$2rdamedia
=338  \\$aonline resource$2rdacarrier
=490  1\$aRoutledge studies in governance and public policy ;$v28
=504  \\$aIncludes bibliographical references and index.
=505  0\$a1. Transforming the legal state of marriage -- 2. The clash of institutional versus individual values -- 3. Changing gender relations and values in marriage -- 4. The neglect of the marriage divide and disadvantaged cohorts -- 5. Government strategies to strengthen marriage -- 6. The contradictory politics of same-sex marriage.
=530  \\$aAlso available in print format.
=650  \0$aMarriage$xGovernment policy$zAustralia.
=650  \0$aMarriage$xGovernment policy$zGreat Britain.
=650  \0$aMarriage$xGovernment policy$zUnited States.
=650  \0$aSocial values.
=655  \7$aElectronic books.$2lcsh
=776  08$iPrint version: $z9781138813458$q(Hardback)$w(DLC) 2016039181
=793  0\$aTaylor & Francis online monographs (UCSD)
=830  \0$aRoutledge studies in governance and public policy ;$v28.
=856 40$zTaylor & Francis. Restricted to UCSD IP addresses.$uhttps://www.taylorfrancis.com/books/9781317604907

