=LDR  02182cam a2200481Ii 4500
=001  TF9781315758251
=003  FlBoTFG
=005  20180331111825.0
=006  m\\\\\o\\d\\\\\\\\
=007  cr\\\\\\\\\\\\
=008  180331s2016\\\\enka\\\\ob\\\\001\0\eng\d
=020  \\$a9781317635628 (e-book: PDF)$q(e-book : PDF)
=020  \\$z9781317635628$q(e-book: PDF)
=020  \\$z9781317635611$q(e-book: ePub)
=020  \\$z9781317635604$q(e-book: Mobi)
=020  \\$z9781138795662$q(hardback)
=020  \\$a9781315758251 (e-book)
=020  \\$a9781317635604 (e-book: Mobi)
=020  \\$a9781317635611 (e-book: ePub)
=020  \\$a9781138795662 (hardback)
=024  7\$a10.4324/9781315758251 $2doi
=035  \\$a(OCoLC)958098229
=040  \\$aFlBoTFG$cFlBoTFG$erda$beng
=050  \4$aHQ1236$b.M385 2016
=082  04$a320.082$bM165
=100  1\$aMcLeod, Laura.,$eauthor.
=245  10$aGender politics and security discourse :$bpersonal-political imaginations and feminism in 'post-conflict' Serbia /$cLaura McLeod.
=264  \1$aLondon ;$aNew York :$bRoutledge,$c©2016.
=300  \\$a1 online resource (viii, 174 pages) :$billustrations, text file, PDF
=336  \\$atext$2rdacontent
=337  \\$acomputer$2rdamedia
=338  \\$aonline resource$2rdacarrier
=490  1\$aWar, politics and experience
=504  \\$aIncludes bibliographical references and index.
=505  0\$a1. Boban's story : tracing the politics of gender security -- 2. Gender security : a discourse that matters -- 3. Picking the petals : profiling gender politics -- 4. Reconceptualising security? -- Interval -- 5. A room of one's own : feminism, peace, and security -- 6. Pulling the trigger : gender, domestic violence and security.
=530  \\$aAlso available in print format.
=650  \0$aFeminism.
=650  \0$aWomen$xGovernment policy.
=650  \0$aWomen$xPolitical activity.
=655  \7$aElectronic books.$2lcsh
=776  08$iPrint version: $z9781138795662$q(Hardback)$w(DLC) 2015004361
=793  0\$aTaylor & Francis online monographs (UCSD)
=830  \0$aWar, politics and experience.
=856 40$zTaylor & Francis. Restricted to UCSD IP addresses.$uhttps://www.taylorfrancis.com/books/9781317635628

