=LDR  04457cam a2200577Ii 4500
=001  TF9781315623184
=003  FlBoTFG
=005  20180331102445.0
=006  m\\\\\o\\d\\\\\\\\
=007  cr\\\\\\\\\\\\
=008  180331s2016\\\\enk\\\\\ob\\\\001\0\eng\d
=020  \\$a9781317225256 (e-book: PDF)$q(e-book : PDF)
=020  \\$z9781317225256$q(e-book: PDF)
=020  \\$z9781317225249$q(e-book: ePub)
=020  \\$z9781317225232$q(e-book: Mobi)
=020  \\$z9781138654518$q(hardback)
=020  \\$a9781315623184 (e-book)
=020  \\$a9781317225232 (e-book: Mobi)
=020  \\$a9781317225249 (e-book: ePub)
=020  \\$a9781138654518 (hardback)
=024  7\$a10.4324/9781315623184 $2doi
=035  \\$a(OCoLC)953692388
=040  \\$aFlBoTFG$cFlBoTFG$erda$beng
=043  \\$aa-ii---$aa-pk---
=050  \4$aDS485.K2$bA76 2016
=082  04$a954.04$bA611
=100  1\$aAnkit, Rakesh.,$eauthor.
=245  14$aThe Kashmir conflict :$bfrom empire to the Cold War, 1945-66 /$cRakesh Ankit.
=264  \1$aLondon ;$aNew York :$bRoutledge,$c©2016.
=300  \\$a1 online resource :$btext file, PDF
=336  \\$atext$2rdacontent
=337  \\$acomputer$2rdamedia
=338  \\$aonline resource$2rdacarrier
=490  1\$aRoutledge studies in South Asian history ;$v16
=504  \\$aIncludes bibliographical references and index.
=505  0\$a1. The international setting, 1945-47 : 'fighting the same struggle as our fathers and grandfathers' -- 2. Britain and Kashmir, 1947-49 : 'whose was Kashmir to be? The Raja, Sheikh Abdullah, the tribes or Russia?' -- 3. America, India and Kashmir, 1945-49 : 'if ignorance about India in this country is deep, ignorance about the states is abysmal' -- 4. Kashmir, 1949-53 : 'when the US blew hot, the British blew cold and when the British blew hot, the US blew cold' -- 5. Kashmir, 1953-61 : from 'pact politics' to 'package proposal' -- 6. Kashmir, 1962-63 : the last interventions -- 7. Kashmir, 1964-66 : 'the Soviets, CHICOMS, neutralists and West are kibitzers and, to some extent, actors in ... Kashmir'.
=520  \\$a"This book presents a study of the international dimensions of the Kashmir dispute between India and Pakistan from before its outbreak in October 1947 until the Tashkent Summit in January 1966. By focusing on Kashmir's under-researched transnational dimensions, it represents a different approach to this intractable territorial conflict. Concentrating on the global context(s) in which the dispute unfolded, it argues that the dispute's evolution was determined by international concerns that existed from before and went beyond the Indian subcontinent. Based on new and diverse official and personal papers across four countries, the book foregrounds the Kashmir dispute in a twin setting of Decolonisation and the Cold War, and investigates the international understanding around it within the imperatives of these two processes. In doing so, it traces Kashmir's journey from being a residual irritant of the British Indian Empire, to becoming a Commonwealth embarrassment and its eventual metamorphosis into a security concern in the Cold War climate(s). A princely state of exceptional geo-strategic location, complex religious composition and unique significance in the context of Indian and Pakistani notions of nation and statehood, Kashmir also complicated their relations with Britain, the United States, Soviet Union, China, the Commonwealth countries and the Afro-Arab-Asian world. This book is of interest to scholars in the field of Asian History, Cold War History, Decolonisation and South Asian Studies."--Provided by publisher.
=530  \\$aAlso available in print format.
=538  \\$aMode of access: World Wide Web.
=650  \0$aCold War.
=650  \0$aGeopolitics$zKashmir$y20th century.
=650  \0$aIndia-Pakistan Conflict, 1947-1949$vInfluence.
=650  \0$aWorld politics$y20th century.
=651  \0$aIndia$xForeign relations$y20th century.
=651  \0$aJammu and Kashmir (India)$xPolitics and government$y20th century.
=651  \0$aKashmir$xHistory.
=651  \0$aKashmir$xPolitics and government$y20th century.
=655  \7$aElectronic books.$2lcsh
=776  08$iPrint version: $z9781138654518(Hardback)$w 2016002231
=793  0\$aTaylor & Francis online monographs (UCSD)
=830  \0$aRoutledge studies in South Asian history ;$v16.
=856 40$zTaylor & Francis. Restricted to UCSD IP addresses.$uhttps://www.taylorfrancis.com/books/9781317225256

