=LDR  02680cam a2200505Ii 4500
=001  TF9781315570174
=003  FlBoTFG
=005  20180331102445.0
=006  m\\\\\o\\d\\\\\\\\
=007  cr\\\\\\\\\\\\
=008  180331s2016\\\\enk\\\\\ob\\\\001\0\eng\d
=020  \\$a9781317171829 (e-book: PDF)$q(e-book : PDF)
=020  \\$z9781317171829$q(e-book: PDF)
=020  \\$z9781317171812$q(e-book: ePub)
=020  \\$z9781317171805$q(e-book: Mobi)
=020  \\$z9781409454816$q(hardback)
=020  \\$a9781315570174 (e-book)
=020  \\$a9781317171805 (e-book: Mobi)
=020  \\$a9781317171812 (e-book: ePub)
=020  \\$a9781409454816 (hardback)
=024  7\$a10.4324/9781315570174 $2doi
=035  \\$a(OCoLC)948171218
=040  \\$aFlBoTFG$cFlBoTFG$erda$beng
=043  \\$ae-uk---
=050  \4$aHX521$b.B75 2016
=082  04$a335.40941$bB862
=245  00$aBritish Marxism and cultural studies :$bessays on a living tradition /$cedited by Philip Bounds and David Berry.
=264  \1$aLondon ;$aNew York :$bRoutledge,$c©2016.
=300  \\$a1 online resource :$btext file, PDF
=336  \\$atext$2rdacontent
=337  \\$acomputer$2rdamedia
=338  \\$aonline resource$2rdacarrier
=504  \\$aIncludes bibliographical references and index.
=505  0\$a1. Science, art and dissent : Jack Lindsay and the communist theory of culture / Philip Bounds -- 2. The new left and the emergence of cultural studies / Alan O'Connor -- 3. C.L.R. James : dialectics and the fate of the creative individual / David Berry -- 4. From folk to jazz : Eric Hobsbawm, British communism and cultural studies / Philip Bounds -- 5. The Gramscian turn in British cultural studies : from the Birmingham School to cultural populism / Steve Jones -- 6. Blind spots : re-reading Althusser and Lacan in cultural studies / Jason Barker -- 7. Profit and power : British Marxists on the political economy of the media / Enda Brophy and Vincent Mosco -- 8. Them and us in contemporary cultural studies : Julian Stallabrass, Mike Wayne, Ben Watson / David Renton.
=530  \\$aAlso available in print format.
=538  \\$aMode of access: World Wide Web.
=650  \0$aCommunism and art$zGreat Britain.
=650  \0$aCommunism and culture$zGreat Britain.
=650  \0$aSocialism and culture$zGreat Britain.
=650  \0$aSocialism and the arts$zGreat Britain.
=655  \7$aElectronic books.$2lcsh
=700  1\$aBerry, David,$d1960-
=700  1\$aBounds, Philip.
=776  08$iPrint version: $z9781409454816(Hardback)$w 2015034245
=793  0\$aTaylor & Francis online monographs (UCSD)
=856 40$zTaylor & Francis. Restricted to UCSD IP addresses.$uhttps://www.taylorfrancis.com/books/9781317171829

