=LDR  02324cam a2200505Ii 4500
=001  TF9781315728414
=003  FlBoTFG
=005  20180331111825.0
=006  m\\\\\o\\d\\\\\\\\
=007  cr\\\\\\\\\\\\
=008  180331s2016\\\\nyua\\\\ob\\\\001\0\eng\d
=020  \\$a9781317542858 (e-book: PDF)$q(e-book : PDF)
=020  \\$z9781317542858$q(e-book: PDF)
=020  \\$z9781317542841$q(e-book: ePub)
=020  \\$z9781317542834$q(e-book: Mobi)
=020  \\$z9781138838000$q(hardback)
=020  \\$z9781138838017$q(paperback)
=020  \\$a9781315728414 (e-book)
=020  \\$a9781317542834 (e-book: Mobi)
=020  \\$a9781317542841 (e-book: ePub)
=020  \\$a9781138838000 (hardback)
=020  \\$a9781138838017 (paperback)
=024  7\$a10.4324/9781315728414 $2doi
=035  \\$a(OCoLC)951100816
=040  \\$aFlBoTFG$cFlBoTFG$erda$beng
=050  \4$aHF5381$b.S5478 2016
=082  04$a650.1$bS554
=100  1\$aSheward, Steve.,$eauthor.
=245  10$aCBT for career success :$ba self-help guide /$cSteve Sheward.
=246  3\$aCognitive behavior therapy for careers success
=264  \1$aNew York :$bRoutledge,$c©2016.
=300  \\$a1 online resource (x, 201 pages) :$billustrations, text file, PDF
=336  \\$atext$2rdacontent
=337  \\$acomputer$2rdamedia
=338  \\$aonline resource$2rdacarrier
=504  \\$aIncludes bibliographical references and index.
=505  0\$a1. Introduction to cognitive and behavioural approaches to achieving career success -- 2. Using cognitive and behavioural approaches to succeed at interview -- 3. Making the right career decision -- 4. Using cognitive and behavioural approaches to succeed in the workplace -- 5. Increasing your focus of attention -- 6. Using interpersonal skills for maximum effect -- 7. Using cognitive and behavioural approaches for increased energy and self-care.
=530  \\$aAlso available in print format.
=650  \0$aCareer development.
=650  \0$aCognitive therapy.
=650  \0$aJob stress.
=650  \0$aVocational guidance$xPsychological aspects.
=655  \7$aElectronic books.$2lcsh
=776  08$iPrint version: $z9781138838000$q(Hardback)$w(DLC) 2015040439
=793  0\$aTaylor & Francis online monographs (UCSD)
=856 40$zTaylor & Francis. Restricted to UCSD IP addresses.$uhttps://www.taylorfrancis.com/books/9781317542858

