=LDR  03942cam a2200529Ii 4500
=001  TF9781315532974
=003  FlBoTFG
=005  20180330125217.0
=006  m\\\\\o\\d\\\\\\\\
=007  cr\\\\\\\\\\\\
=008  180331s2016\\\\enkc\\\\ob\\\\001\0\eng\d
=020  \\$a9781315532967 (e-book: PDF)$q(e-book : PDF)
=020  \\$z9781315532967$q(e-book: PDF)
=020  \\$z9781315532950$q(e-book: ePub)
=020  \\$z9781315532943$q(e-book: Mobi)
=020  \\$z9781629581460$q(hardback)
=020  \\$z9781629581477$q(paperback)
=020  \\$a9781315532974 (e-book)
=020  \\$a9781315532943 (e-book: Mobi)
=020  \\$a9781315532950 (e-book: ePub)
=020  \\$a9781629581460 (hardback)
=020  \\$a9781629581477 (paperback)
=024  7\$a10.4324/9781315532974 $2doi
=035  \\$a(OCoLC)951068276
=040  \\$aFlBoTFG$cFlBoTFG$erda$beng
=050  \4$aHM1206$b.A454 2016
=082  04$a302.23$bA467
=100  1\$aAltheide, David L.,$eauthor.
=245  14$aThe media syndrome /$cDavid L. Altheide.
=264  \1$aLondon ;$aNew York :$bRoutledge,$c©2016.
=300  \\$a1 online resource (xi, 233 pages) :$btext file, PDF
=336  \\$atext$btxt$2rdacontent
=337  \\$acomputer$bc$2rdamedia
=338  \\$aonline resource$bcr$2rdacarrier
=504  \\$aIncludes bibliographical references and index.
=505  0\$ach. 1. Introduction -- ch. 2. The Eagleton and Watergate stories -- ch. 3. The Iranian hostage crisis, the news code, and mediated diplomacy -- ch. 4. Gonzo justice -- ch. 5. The missing children problem : a case study in media sensationalism -- ch. 6. The Gulf War and the military-media complex -- ch. 7. The Columbine shootings and terrorism -- ch. 8. The propaganda project and the Iraq War -- ch. 9. Consuming terrorism and the politics of fear -- ch. 10. Mediated fear : digital booty, WikiLeaks, ISIS, and ebola.
=520  \\$a"Over the past 45 years, award-winning sociologist David L. Altheide has illuminated how media formats and media logic affect our undiferstanding of social issues, of how political decisions are made, and of how we relate to each other. In this masterful, summative work, Altheide describes the media syndrome: how these factors shape our expectations of, and reactions to, both public and personal events. Ideal for courses on mass media and political communication, the book  -provides a detailed description of the media syndrome and its impact on daily life; -uses historical and contemporary examples from Watergate to Edward Snowden; -includes the changes in the ecology of communication from mass media to social media and its social impact"--$cProvided by publisher.
=520  \\$a"Over the past 45 years, award-winning sociologist David L. Altheide has illuminated how media formats and media logic affect our undiferstanding of social issues, of how political decisions are made, and of how we relate to each other. In this masterful, summative work, Altheide describes the media syndrome: how these factors shape our expectations of, and reactions to, both public and personal events. Ideal for courses on mass media and political communication, the book -provides a detailed description of the media syndrome and its impact on daily life; -uses historical and contemporary examples from Watergate to Edward Snowden; -includes the changes in the ecology of communication from mass media to social media and its social impact"--$cProvided by publisher.
=530  \\$aAlso available in print format.
=650  \0$aInterpersonal relations and culture.
=650  \0$aMass media$xSocial aspects.
=650  \0$aSocial change.
=650  \0$aSocial media$xPolitical aspects.
=650  \0$aSocial media.
=655  \7$aElectronic books.$2lcsh
=776  08$iPrint version: $z9781629581460(Hardback)$w 2015042706
=793  0\$aTaylor & Francis online monographs (UCSD)
=856 40$zTaylor & Francis. Restricted to UCSD IP addresses.$uhttps://www.taylorfrancis.com/books/9781315532967

