=LDR  02198cam a2200517Ii 4500
=001  TF9781315730936
=003  FlBoTFG
=005  20180331111825.0
=006  m\\\\\o\\d\\\\\\\\
=007  cr\\\\\\\\\\\\
=008  180331s2016\\\\nyua\\\\ob\\\\001\0\eng\d
=020  \\$a9781317550471 (e-book: PDF)$q(e-book : PDF)
=020  \\$z9781317550471$q(e-book: PDF)
=020  \\$z9781317550464$q(e-book: ePub)
=020  \\$z9781317550457$q(e-book: Mobi)
=020  \\$z9781138843646$q(hardback)
=020  \\$z9781138843653$q(paperback)
=020  \\$a9781315730936 (e-book)
=020  \\$a9781317550457 (e-book: Mobi)
=020  \\$a9781317550464 (e-book: ePub)
=020  \\$a9781138843646 (hardback)
=020  \\$a9781138843653 (paperback)
=024  7\$a10.4324/9781315730936 $2doi
=035  \\$a(OCoLC)958108507
=040  \\$aFlBoTFG$cFlBoTFG$erda$beng
=050  \4$aP37.5.C74$bC76 2016
=082  04$a418.0071$bC912
=245  00$aCreativity in language teaching :$bperspectives from research and practice /$cedited by Rodney H. Jones and Jack C. Richards.
=264  \1$aNew York :$bRoutledge,$c©2016.
=300  \\$a1 online resource (xviii, 264 pages) :$billustrations, text file, PDF
=336  \\$atext$2rdacontent
=337  \\$acomputer$2rdamedia
=338  \\$aonline resource$2rdacarrier
=490  1\$aESL & applied linguistics professional series
=504  \\$aIncludes bibliographical references and index.
=505  0\$asection 1. Theoretical perspectives -- section 2. Creativity in the classroom -- section 3. Creativity in the curriculum -- section 4. Creativity in teacher development.
=530  \\$aAlso available in print format.
=650  \0$aCreativity (Linguistics)
=650  \0$aLanguage and languages$xStudy and teaching$xResearch.
=650  \0$aPsycholinguistics.
=655  \7$aElectronic books.$2lcsh
=700  1\$aJones, Rodney H.
=700  1\$aRichards, Jack C.,$d1943-
=776  08$iPrint version: $z9781138843646$q(Hardback)$w(DLC) 2015011496
=793  0\$aTaylor & Francis online monographs (UCSD)
=830  \0$aESL and applied linguistics professional series.
=856 40$zTaylor & Francis. Restricted to UCSD IP addresses.$uhttps://www.taylorfrancis.com/books/9781317550471

