=LDR  01887cam a2200469Ii 4500
=001  TF9781315642932
=003  FlBoTFG
=005  20180331111825.0
=006  m\\\\\o\\d\\\\\\\\
=007  cr\\\\\\\\\\\\
=008  180331s2016\\\\nyua\\\\ob\\\\001\0\eng\d
=020  \\$a9781317284505 (e-book: PDF)$q(e-book : PDF)
=020  \\$z9781317284505$q(e-book: PDF)
=020  \\$z9781317284499$q(e-book: ePub)
=020  \\$z9781317284482$q(e-book: Mobi)
=020  \\$z9781138187764$q(hardback)
=020  \\$a9781315642932 (e-book)
=020  \\$a9781317284482 (e-book: Mobi)
=020  \\$a9781317284499 (e-book: ePub)
=020  \\$a9781138187764 (hardback)
=024  7\$a10.4324/9781315642932 $2doi
=035  \\$a(OCoLC)958107453
=040  \\$aFlBoTFG$cFlBoTFG$erda$beng
=050  \4$aJV6271$b.S74 2016
=082  04$a325$bS845
=100  1\$aStevens, Rachel,$d1980-,$eauthor.
=245  10$aImmigration policy from 1970 to the present /$cRachel Stevens.
=264  \1$aNew York :$bRoutledge,$c©2016.
=300  \\$a1 online resource (xiv, 229 pages) :$billustrations, text file, PDF
=336  \\$atext$2rdacontent
=337  \\$acomputer$2rdamedia
=338  \\$aonline resource$2rdacarrier
=490  1\$aRoutledge studies in modern history ;$v19
=504  \\$aIncludes bibliographical references and index.
=505  0\$apt. 1. Who gets in? -- pt. 2. Boat people -- pt. 3. Temporary labor migration.
=530  \\$aAlso available in print format.
=650  \0$aEmigration and immigration$xGovernment policy$xHistory.
=650  \0$aEmigration and immigration$xHistory.
=655  \7$aElectronic books.$2lcsh
=776  08$iPrint version: $z9781138187764(Hardback)$w 2015044226
=793  0\$aTaylor & Francis online monographs (UCSD)
=830  \0$aRoutledge studies in modern history ;$v19.
=856 40$zTaylor & Francis. Restricted to UCSD IP addresses.$uhttps://www.taylorfrancis.com/books/9781317284505

