=LDR  02133cam a2200505Ii 4500
=001  TF9781135021221
=003  FlBoTFG
=005  20180331111825.0
=006  m\\\\\o\\d\\\\\\\\
=007  cr\\\\\\\\\\\\
=008  180331s2017\\\\nyuc\\\\ob\\\\001\0deng\d
=020  \\$a9781135021221$q(e-book: PDF)
=020  \\$z9780203766712$q(e-book : PDF)
=020  \\$z9780415841030$q(paperback)
=020  \\$z9780415841023$q(hardback)
=020  \\$z9781135021207$q(e-book: Mobi)
=020  \\$a9780203766712 (e-book)
=020  \\$a9781135021207 (e-book: Mobi)
=020  \\$a9780415841023 (hardback)
=020  \\$a9780415841030 (paperback)
=024  7\$a10.4324/9780203766712 $2doi
=035  \\$a(OCoLC)992276635
=040  \\$aFlBoTFG$cFlBoTFG$erda$beng
=043  \\$an-us---
=050  \4$aE743.5$b.M53 2017
=082  04$a324.13$bM621
=100  1\$aMichaels, Jonathan,$d1951-,$eauthor.
=245  10$aMcCarthyism :$bthe realities, delusions and politics behind the 1950s red scare /$cJonathan Michaels.
=264  \1$aNew York :$bRoutledge,$c©2017.
=300  \\$a1 online resource (307 pages) :$btext file, PDF
=336  \\$atext$2rdacontent
=337  \\$acomputer$2rdamedia
=338  \\$aonline resource$2rdacarrier
=490  1\$aCritical moments in American history
=504  \\$aIncludes bibliographical references and index.
=505  0\$a1. The origins of red scare anti-Communism -- 2. The big red scare -- 3. The new deal -- 4. The red scare begins -- 5. The red scare at full tide -- 6. Culture wars.
=530  \\$aAlso available in print format.
=600  10$aMcCarthy, Joseph,$d1908-1957.
=650  \0$aAnti-communist movements$zUnited States$xHistory$y20th century.
=650  \0$ac$zUnited States$xHistory$y20th century.
=650  \0$aSubversive activities$zUnited States$xHistory$y20th century.
=655  \7$aElectronic books.$2lcsh
=776  08$iPrint version: $z9780415841023(Hardback)$w(DLC) 2016040754
=793  0\$aTaylor & Francis online monographs (UCSD)
=830  \0$aCritical moments in American history.
=856 40$zTaylor & Francis. Restricted to UCSD IP addresses.$uhttps://www.taylorfrancis.com/books/9781135021221

