=LDR  03787cam a2200529Ii 4500
=001  TF9781315697697
=003  FlBoTFG
=005  20180331111825.0
=006  m\\\\\o\\d\\\\\\\\
=007  cr\\\\\\\\\\\\
=008  180331s2017\\\\nyuad\\\ob\\\\001\0\eng\d
=020  \\$a9781317450627 (e-book: PDF)$q(e-book : PDF)
=020  \\$z9781317450627$q(e-book: PDF)
=020  \\$z9781317450603$q(e-book: Mobi)
=020  \\$z9781138901735$q(hardback)
=020  \\$a9781315697697 (e-book)
=020  \\$a9781317450603 (e-book: Mobi)
=020  \\$a9781138901735 (hardback)
=024  7\$a10.4324/9781315697697 $2doi
=035  \\$a(OCoLC)959238061
=040  \\$aFlBoTFG$cFlBoTFG$erda$beng
=050  \4$aCC81$b.A74 2017
=082  04$a301.01$bA669
=245  04$aThe archaeology of human-environment interactions :$bstrategies for investigating anthropogenic landscapes, dynamic environments, and climate change in the human past /$cedited by Daniel A. Contreras.
=264  \1$aNew York, N.Y. :$bRoutledge,$c©2017.
=300  \\$a1 online resource (xiv, 268 pages) :$billustrations, text file, PDF
=336  \\$atext$2rdacontent
=337  \\$acomputer$2rdamedia
=338  \\$aonline resource$2rdacarrier
=490  1\$aRoutledge studies in archaeology ;$v21
=504  \\$aIncludes bibliographical references and index.
=505  0\$a1. Correlation is not enough : building better arguments in the archaeology of human-environment interactions / Daniel A. Contreras -- 2. Convergence and divergence as problems of explanation in land use histories : two Mexican examples / Aleksander Borejsza and Arthur A. Joyce -- 3. From the river to the fields : the contribution of micromorphology to the study of hydro-agrosystems in semi-arid environments (Phoenix, Arizona) / Louise Purdue -- 4. Regional climate, local paleoenvironment, and early cultivation in the middle Wadi el-Hasa, Jordan / Daniel A. Contreras and Cheryl Makarewicz -- 5. Human-environment interactions through the epipalaeolithic of Eastern Jordan / Matthew D. Jones ... [et al.] -- 6. Living on the edge : pre-Columbian habitation of the desert periphery of the Chicama Valley, Peru / Ari Caramanica and Michele L. Koons -- 7. A fine-grained analysis of terra preta formation : understanding causality through microartifactual and chemical indices in the Central Amazon / Anna T. Browne Ribeiro -- 8. External impacts on internal dynamics : effects of paleoclimatic and demographic variability on acorn exploitation along the Central California Coast / Brian F. Codding and Terry L. Jones -- 9. Describing microenvironments used for nomadic pastoralist habitation sites : explanatory tools for surfaces, places, and networks / Joshua Wright -- 10. Soil geochemistry and the role of nutrient values in understanding archaic state formation : a case study from Kaupo, Maui, Hawaiian Islands / Alexander Baer -- 11. Epilogue / Frances Hayashida.
=530  \\$aAlso available in print format.
=650  \0$aClimatic changes$xSocial aspects$xHistory$yTo 1500.
=650  \0$aEnvironmental archaeology$xResearch.
=650  \0$aHuman ecology$xHistory$yTo 1500.
=650  \0$aLandscape changes$xSocial aspects$xHistory$yTo 1500.
=650  \0$aNature$xEffect of human beings on$xHistory$yTo 1500.
=650  \0$aPaleoclimatology$xResearch.
=650  \0$aPaleoecology$xResearch.
=650  \0$aSocial archaeology$xResearch.
=650  \0$aSocial change$xHistory$yTo 1500.
=655  \7$aElectronic books.$2lcsh
=700  1\$aContreras, Daniel A.
=776  08$iPrint version: $z9781138901735$q(Hardback)$w(DLC) 2016002715
=793  0\$aTaylor & Francis online monographs (UCSD)
=830  \0$aRoutledge studies in archaeology ;$v21.
=856 40$zTaylor & Francis. Restricted to UCSD IP addresses.$uhttps://www.taylorfrancis.com/books/9781317450627

