=LDR  02090cam a2200445Ii 4500
=001  TF9781315458212
=003  FlBoTFG
=005  20180331102445.0
=006  m\\\\\o\\d\\\\\\\\
=007  cr\\\\\\\\\\\\
=008  180331s2017\\\\enka\\\\obf\\\001\0\eng\d
=020  \\$a9781315458205 (e-book: PDF)$q(e-book : PDF)
=020  \\$z9781315458205$q(e-book: PDF)
=020  \\$z9781315458199$q(e-book: ePub)
=020  \\$z9781315458182$q(e-book: Mobi)
=020  \\$z9781472457646$q(hardback)
=020  \\$a9781315458212 (e-book)
=020  \\$a9781315458182 (e-book: Mobi)
=020  \\$a9781315458199 (e-book: ePub)
=020  \\$a9781472457646 (hardback)
=024  7\$a10.4324/9781315458212 $2doi
=035  \\$a(OCoLC)951623929
=040  \\$aFlBoTFG$cFlBoTFG$erda$beng
=050  \4$aQA268$b.E45 2017
=082  04$a003.54$bE477
=100  1\$aEllison, Katherine E.,$eauthor.
=245  12$aA cultural history of early modern English cryptography manuals /$cKatherine Ellison.
=264  \1$aAbingdon, Oxon :$bRoutledge,$c©2017.
=300  \\$a1 online resource (viii, 177  pages) :$billustrations, text file, PDF
=336  \\$atext$2rdacontent
=337  \\$acomputer$2rdamedia
=338  \\$aonline resource$2rdacarrier
=504  \\$aIncludes bibliographical references and index.
=505  0\$a1. The structures of seventeenth-century cryptography manuals -- 2. Textual precedents and seventeenth-century cryptography manuals -- 3. Occult communication, the new sciences, and cryptography -- 4. Cryptography and universal language schemes -- 5. Trade security and intelligence as capital -- 6. Materializing intelligence -- 7. Typography and multimodality in cryptography manuals.
=530  \\$aAlso available in print format.
=538  \\$aMode of access: World Wide Web.
=650  \0$aCryptography$y17th century$vHandbooks, manuals, etc.
=655  \7$aElectronic books.$2lcsh
=776  08$iPrint version: $z9781472457646$q(Hardback)
=793  0\$aTaylor & Francis online monographs (UCSD)
=856 40$zTaylor & Francis. Restricted to UCSD IP addresses.$uhttps://www.taylorfrancis.com/books/9781315458205

