=LDR  02178cam a2200517Ii 4500
=001  TF9781315669182
=003  FlBoTFG
=005  20180331111825.0
=006  m\\\\\o\\d\\\\\\\\
=007  cr\\\\\\\\\\\\
=008  180331s2017\\\\nyua\\\\ob\\\\001\0\eng\d
=020  \\$a9781317363354 (e-book: PDF)$q(e-book : PDF)
=020  \\$z9781317363354$q(e-book: PDF)
=020  \\$z9781317363330$q(e-book: Mobi)
=020  \\$z9781138949263$q(hardback)
=020  \\$a9781315669182 (e-book)
=020  \\$a9781317363330 (e-book: Mobi)
=020  \\$a9781138949263 (hardback)
=024  7\$a10.4324/9781315669182 $2doi
=035  \\$a(OCoLC)965826750
=040  \\$aFlBoTFG$cFlBoTFG$erda$beng
=043  \\$as-ag---$as-cl---$acl-----
=050  \4$aHF1923$b.B53 2017
=082  04$a382.71098$bB578
=100  1\$aBianculli, Andrea,$d1968-,$eauthor.
=245  10$aNegotiating trade liberalization in Argentina and Chile :$bwhen policy creates politics /$cAndrea C. Bianculli.
=264  \1$aNew York :$bRoutledge,$c©2017.
=300  \\$a1 online resource (xiii, 183 pages) :$billustrations, text file, PDF
=336  \\$atext$2rdacontent
=337  \\$acomputer$2rdamedia
=338  \\$aonline resource$2rdacarrier
=490  1\$aRoutledge studies in Latin American politics ;$v17
=504  \\$aIncludes bibliographical references and index.
=505  0\$apt. I. Making sense of trade : arguments and politics -- pt. II. Latin America in a complex web of trade negotiations -- pt. III. When policy creates trade politics.
=530  \\$aAlso available in print format.
=650  \0$aFree trade$zArgentina.
=650  \0$aFree trade$zChile.
=651  \0$aArgentina$xCommerce.
=651  \0$aArgentina$xCommercial policy.
=651  \0$aChile$xCommerce.
=651  \0$aChile$xCommercial policy.
=651  \0$aLatin America$xPolitics and government$y21st century.
=655  \7$aElectronic books.$2lcsh
=776  08$iPrint version: $z9781138949263(Hardback)$w 2016037468
=793  0\$aTaylor & Francis online monographs (UCSD)
=830  \0$aRoutledge studies in Latin American politics ;$v17.
=856 40$zTaylor & Francis. Restricted to UCSD IP addresses.$uhttps://www.taylorfrancis.com/books/9781317363354

