=LDR  02109cam a2200505Ii 4500
=001  TF9781315845166
=003  FlBoTFG
=005  20180331111825.0
=006  m\\\\\o\\d\\\\\\\\
=007  cr\\\\\\\\\\\\
=008  180331r20131998enkabd\\ob\\\\001\0\eng\d
=020  \\$a9781317897057 (e-book: PDF)$q(e-book : PDF)
=020  \\$z9781317897057$q(e-book: PDF)
=020  \\$z9781317897040$q(e-book: ePub)
=020  \\$z9781317897033$q(e-book: Mobi)
=020  \\$z9781138180512$q(hardback)
=020  \\$z9780582081277$q(paperback)
=020  \\$a9781315845166 (e-book)
=020  \\$a9781317897033 (e-book: Mobi)
=020  \\$a9781317897040 (e-book: ePub)
=020  \\$a9781138180512 (hardback)
=020  \\$a9780582081277 (paperback)
=024  7\$a10.4324/9781315845166 $2doi
=035  \\$a(OCoLC)897464008
=040  \\$aFlBoTFG$cFlBoTFG$erda$beng
=043  \\$at------
=050  \4$aGE160.A6$bH36 2013
=082  04$a919.89$bH251
=100  1\$aHansom, J. D.,$eauthor.
=245  10$aAntarctic environments and resources :$ba geographical perspective /$cJames D. Hansom & John E. Gordon.
=264  \1$aLondon ;$aNew York :$bRoutledge,$c©2013.
=300  \\$a1 online resource (xiv, 402 pages) :$billustrations, text file, PDF
=336  \\$atext$2rdacontent
=337  \\$acomputer$2rdamedia
=338  \\$aonline resource$2rdacarrier
=500  \\$aFirst published 1998 by Addison Wesley Longman Limited.
=504  \\$aIncludes bibliographical references (p. [341]-389) and index.
=505  0\$apt. 1. The natural environment of the Antarctic -- pt. 2. Antarctic exploration, exploitation and human impact -- pt. 3. Past and future environmental management of the Antarctic.
=530  \\$aAlso available in print format.
=650  \0$aNatural resources$zAntarctica.
=651  \0$aAntarctica$xEnvironmental conditions.
=655  \7$aElectronic books.$2lcsh
=700  1\$aGordon, John E.
=776  08$iPrint version: $z9781138180512$q(Hardback)
=793  0\$aTaylor & Francis online monographs (UCSD)
=856 40$zTaylor & Francis. Restricted to UCSD IP addresses.$uhttps://www.taylorfrancis.com/books/9781317897057

