=LDR  02143cam a2200505Ii 4500
=001  TF9781135010416
=003  FlBoTFG
=005  20180331111825.0
=006  m\\\\\o\\d\\\\\\\\
=007  cr\\\\\\\\\\\\
=008  180331s2017\\\\nyu\\\\\ob\\\\001\0\eng\d
=020  \\$a9781135010416$q(e-book: PDF)
=020  \\$z9780203744031$q(e-book : PDF)
=020  \\$z9780415854351$q(hardback)
=020  \\$z9781135010393$q(e-book: Mobi)
=020  \\$a9780203744031 (e-book)
=020  \\$a9781135010393 (e-book: Mobi)
=020  \\$a9780415854351 (hardback)
=020  \\$a9780367000318 (paperback)
=024  7\$a10.4324/9780203744031 $2doi
=035  \\$a(OCoLC)966444851
=040  \\$aFlBoTFG$cFlBoTFG$erda$beng
=043  \\$as-bl---
=050  \4$aHE555.B8$bD63 2017
=082  04$a387.10981$bD637
=100  1\$aDoctor, Mahrukh.,$eauthor.
=245  10$aBusiness-state relations in Brazil :$bchallenges of the port reform lobby /$cMahrukh Doctor.
=264  \1$aNew York, N.Y. :$bRoutledge,$c©2017.
=300  \\$a1 online resource (xiii, 243 pages) :$btext file, PDF
=336  \\$atext$2rdacontent
=337  \\$acomputer$2rdamedia
=338  \\$aonline resource$2rdacarrier
=490  1\$aRoutledge studies in Latin American politics ;$v15
=504  \\$aIncludes bibliographical references and index.
=505  0\$apt. 1. Business lobbying in Brazil : theoretical and empirical aspects -- pt. 2. Port reform in Brazil : policy formulation and implementation -- pt. 3. Institutional modernisation in Brazil : analysis and conclusion.
=530  \\$aAlso available in print format.
=650  \0$aBusiness and politics$zBrazil.
=650  \0$aHarbors$xGovernment policy$zBrazil.
=650  \0$aHarbors$xLaw and legislation$zBrazil.
=650  \0$aLobbying$zBrazil.
=651  \0$aBrazil$xPolitics and government.
=655  \7$aElectronic books.$2lcsh
=776  08$iPrint version: $z9780415854351(Hardback)$w(DLC) 2016027677
=793  0\$aTaylor & Francis online monographs (UCSD)
=830  \0$aRoutledge studies in Latin American politics ;$v15.
=856 40$zTaylor & Francis. Restricted to UCSD IP addresses.$uhttps://www.taylorfrancis.com/books/9781135010416

