=LDR  02262cam a2200541Ii 4500
=001  TF9781315670270
=003  FlBoTFG
=005  20180331111825.0
=006  m\\\\\o\\d\\\\\\\\
=007  cr\\\\\\\\\\\\
=008  180331r20161990enk\\\\\ob\\\\001\0\eng\d
=020  \\$a9781317366621 (e-book: PDF)$q(e-book : PDF)
=020  \\$z9781317366621$q(e-book: PDF)
=020  \\$z9781317366614$q(e-book: ePub)
=020  \\$z9781317366607$q(e-book: Mobi)
=020  \\$z9781138947092$q(hardback)
=020  \\$z9781138947108$q(paperback)
=020  \\$a9781315670270 (e-book)
=020  \\$a9781317366607 (e-book: Mobi)
=020  \\$a9781317366614 (e-book: ePub)
=020  \\$a9781138947092 (hardback)
=020  \\$a9781138947108 (paperback)
=024  7\$a10.4324/9781315670270 $2doi
=035  \\$a(OCoLC)945552344
=040  \\$aFlBoTFG$cFlBoTFG$erda$beng
=043  \\$acl-----
=050  \4$aHV110.5$b.S63 2016
=082  04$a261.98$bS678
=245  00$aSocial welfare in Latin America /$cedited by John Dixon and Robert P. Scheurell.
=264  \1$aAbingdon, Oxon :$bRoutledge,$c©2016.
=300  \\$a1 online resource (xii, 303 pages) :$btext file, PDF
=336  \\$atext$2rdacontent
=337  \\$acomputer$2rdamedia
=338  \\$aonline resource$2rdacarrier
=490  1\$aRoutledge revivals
=500  \\$aFirst published in 1990 by Routledge.
=504  \\$aIncludes bibliographical references and index.
=505  0\$aArgentina / Irene Queiro-Tajalli -- Brazil / Celso Barroso Leite -- Chile / Silvia Borzutzky -- Colombia / Roberto Arias Perez -- Cuba / Carmelo Mesa-Lago & Sergio G. Roca -- Guatemala / Grace Keyes -- Mexico / Marian Angela Aguilar -- Puerto Rico / Raquel M. Seda -- Uruguay / Rodolfo Saldain.
=530  \\$aAlso available in print format.
=650  \0$aPublic welfare$zLatin America.
=650  \0$aSocial security$zLatin America.
=650  \0$aSocial service$zLatin America.
=655  \7$aElectronic books.$2lcsh
=700  1\$aDixon, John,$d1935-
=700  1\$aScheurell, Robert P.
=776  08$iPrint version: $z9781138947092$q(Hardback)
=793  0\$aTaylor & Francis online monographs (UCSD)
=830  \0$aRoutledge revivals.
=856 40$zTaylor & Francis. Restricted to UCSD IP addresses.$uhttps://www.taylorfrancis.com/books/9781317366621

