=LDR  02515cam a2200469Ii 4500
=001  TF9781315673561
=003  FlBoTFG
=005  20180331111825.0
=006  m\\\\\o\\d\\\\\\\\
=007  cr\\\\\\\\\\\\
=008  180331s2017\\\\nyu\\\\\ob\\\\001\0\eng\d
=020  \\$a9781317376545 (e-book: PDF)$q(e-book : PDF)
=020  \\$z9781317376545$q(e-book: PDF)
=020  \\$z9781317376538$q(e-book: ePub)
=020  \\$z9781317376521$q(e-book: Mobi)
=020  \\$z9781138941717$q(hardback)
=020  \\$a9781315673561 (e-book)
=020  \\$a9781317376521 (e-book: Mobi)
=020  \\$a9781317376538 (e-book: ePub)
=020  \\$a9781138941717 (hardback)
=024  7\$a10.4324/9781315673561 $2doi
=035  \\$a(OCoLC)961309818
=040  \\$aFlBoTFG$cFlBoTFG$erda$beng
=050  \4$aBD436$b.L68 2017
=082  04$a177.7$bL897
=245  00$aLove, reason, and morality /$cedited by Esther Engels Kroeker and Katrien Schaubroeck.
=264  \1$aNew York :$bRoutledge,$c©2017.
=300  \\$a1 online resource (xxv, 188 pages) :$btext file, PDF
=336  \\$atext$2rdacontent
=337  \\$acomputer$2rdamedia
=338  \\$aonline resource$2rdacarrier
=490  1\$aRoutledge studies in ethics and moral theory ;$v36
=504  \\$aIncludes bibliographical references and index.
=505  0\$a1. Love : the vision view / Troy Jollimore -- 2. Holding on to reasons of the heart : cognitive degeneration and the capacity to love / Andrew Franklin-Hall and Agnieszka Jaworska -- 3. Attachment, autonomy and the evaluative variety of love / Edward Harcourt -- 4. Love's objects / Sam Shpall -- 5. The rational significance of intimate relationships / Diane Jeske -- 6. Love's second-personal character : reciprocal holding, beholding and upholding / Stephen Darwall -- 7. Intimate relations : friends and lovers / Dirk Baltzly and Jeanette Kennett -- 8. What's love got to do with it? Morality and personal relationships / Brook J. Sadler -- 9. The 'what' and 'why' of love's reasons / Michael Smith -- 10. Love and reasons : the many relationships / Thomas Hurka.
=530  \\$aAlso available in print format.
=650  \0$aEthics.
=650  \0$aLove.
=655  \7$aElectronic books.$2lcsh
=700  1\$aKroeker, Esther Engels.
=776  08$iPrint version: $z9781138941717(Hardback)$w 2016013299
=793  0\$aTaylor & Francis online monographs (UCSD)
=830  \0$aRoutledge studies in ethics and moral theory ;$v36.
=856 40$zTaylor & Francis. Restricted to UCSD IP addresses.$uhttps://www.taylorfrancis.com/books/9781317376545

