=LDR  02721cam a2200457Ii 4500
=001  TF9781315719566
=003  FlBoTFG
=005  20180331111825.0
=006  m\\\\\o\\d\\\\\\\\
=007  cr\\\\\\\\\\\\
=008  180331s2017\\\\nyu\\\\\ob\\\\001\0\eng\d
=020  \\$a9781317516378 (e-book: PDF)$q(e-book : PDF)
=020  \\$z9781317516378$q(e-book: PDF)
=020  \\$z9781317516354$q(e-book: Mobi)
=020  \\$z9781138856523$q(hardback)
=020  \\$z9781138856530$q(paperback)
=020  \\$a9781315719566 (e-book)
=020  \\$a9781317516354 (e-book: Mobi)
=020  \\$a9781138856523 (hardback)
=020  \\$a9781138856530 (paperback)
=024  7\$a10.4324/9781315719566 $2doi
=035  \\$a(OCoLC)959609691
=040  \\$aFlBoTFG$cFlBoTFG$erda$beng
=043  \\$an-us---
=050  \4$aKF4749$b.C66 2017
=082  04$a342.73085$bC778
=100  1\$aCooper, Phillip J.,$eauthor.
=245  10$aCivil rights in public service /$cPhillip J. Cooper.
=264  \1$aNew York, N.Y. :$bRoutledge is an imprint of the Taylor & Francis Group, an informa business,$c©[2017]
=300  \\$a1 online resource (x, 628 pages) :$btext file, PDF
=336  \\$atext$2rdacontent
=337  \\$acomputer$2rdamedia
=338  \\$aonline resource$2rdacarrier
=504  \\$aIncludes bibliographical references and index.
=505  0\$a1. Miles' Law and the challenge of civil rights in the United States -- 2. From the heritage of African American slavery to modern civil rights protection -- 3. From Plessy to Brown : momentous years in the struggle -- 4. Beyond Brown v. Board of Education : politics, policy, and problems -- 5. The Native American perspective : toward civil rights from conquest, but a long way from that goal -- 6. Continuing challenges for Native Americans : problems persist despite civil rights gains for others -- 7. Natural resources and native spirituality : a different kind of civil rights claim -- 8. Civil rights from a Latino perspective -- 9. Critical contemporary issues in Latino civil rights -- 10. Gender discrimination : the rise of the so-called middle standard -- 11. Civil rights and sexual orientation and identity -- 12. Civil rights and disabilities in America : paternalism, discrimination, or equality? -- 13. Now the work begins : the agenda for policy and practice going forward.
=530  \\$aAlso available in print format.
=650  \0$aCivil rights$zUnited States.
=650  \0$aCivil service$zUnited States.
=655  \7$aElectronic books.$2lcsh
=776  08$iPrint version: $z9781138856523$q(Hardback)$w(DLC) 2016005924
=793  0\$aTaylor & Francis online monographs (UCSD)
=856 40$zTaylor & Francis. Restricted to UCSD IP addresses.$uhttps://www.taylorfrancis.com/books/9781317516378

