=LDR  02409cam a2200493Ii 4500
=001  TF9781315628707
=003  FlBoTFG
=005  20180331111825.0
=006  m\\\\\o\\d\\\\\\\\
=007  cr\\\\\\\\\\\\
=008  180331s2016\\\\enk\\\\\ob\\\\001\0\eng\d
=020  \\$a9781317241836 (e-book: PDF)$q(e-book : PDF)
=020  \\$z9781317241836$q(e-book: PDF)
=020  \\$z9781317241829$q(e-book: ePub)
=020  \\$z9781317241812$q(e-book: Mobi)
=020  \\$z9781138185715$q(hardback)
=020  \\$a9781315628707 (e-book)
=020  \\$a9781317241812 (e-book: Mobi)
=020  \\$a9781317241829 (e-book: ePub)
=020  \\$a9781138185715 (hardback)
=024  7\$a10.4324/9781315628707 $2doi
=035  \\$a(OCoLC)944569158
=040  \\$aFlBoTFG$cFlBoTFG$erda$beng
=043  \\$aa-cc---
=050  \4$aDS721$b.F267 2016
=082  04$a951$bF199
=100  1\$aFan, C. Simon.,$eauthor.
=245  10$aCulture, institution, and development in China :$bthe economics of national character /$cC. Simon Fan.
=264  \1$aLondon ;$aNew York :$bRoutledge,$c©2016.
=300  \\$a1 online resource (xv, 271 pages) :$btext file, PDF
=336  \\$atext$2rdacontent
=337  \\$acomputer$2rdamedia
=338  \\$aonline resource$2rdacarrier
=490  1\$aRoutledge studies in the modern world economy ;$v154
=504  \\$aIncludes bibliographical references and index.
=505  0\$apt. 1. Geography, nomadic threat, and the size of ancient China -- pt. 2. The formation of national character in ancient China -- pt. 3. How did the ancient dynastics manage the large country of China? -- pt. 4. An introduction to ancient Japan and the First Sino-Japanese War -- pt. 5. National humiliations in the late Qing Dynasty and the New Culture Movement -- pt. 6. Japanese atrocities and the transformation of the Chinese personality -- pt. 7. The establishment of communist China and the Chinese national character.
=530  \\$aAlso available in print format.
=650  \0$aNational characteristics, Chinese.
=651  \0$aChina$xCivilization$xHistory.
=651  \0$aChina$xHistory.
=655  \7$aElectronic books.$2lcsh
=776  08$iPrint version: $z9781138185715(Hardback)$w 2015039796
=793  0\$aTaylor & Francis online monographs (UCSD)
=830  \0$aRoutledge studies in the modern world economy ;$v154.
=856 40$zTaylor & Francis. Restricted to UCSD IP addresses.$uhttps://www.taylorfrancis.com/books/9781317241836

