=LDR  04462cam a2200553Ii 4500
=001  TF9781315617114
=003  FlBoTFG
=005  20180331102445.0
=006  m\\\\\o\\d\\\\\\\\
=007  cr\\\\\\\\\\\\
=008  180331t20172017enkc\\\\ob\\\\001\0\eng\d
=020  \\$a9781317206989 (e-book: PDF)$q(e-book : PDF)
=020  \\$z9781317206989$q(e-book: PDF)
=020  \\$z9781317206965$q(e-book: Mobi)
=020  \\$z9781138671263$q(hardback)
=020  \\$z9781138481961$q(paperback)
=020  \\$a9781315617114 (e-book)
=020  \\$a9781317206965 (e-book: Mobi)
=020  \\$a9781138671263 (hardback)
=020  \\$a9781138481961 (paperback)
=024  7\$a10.4324/9781315617114 $2doi
=035  \\$a(OCoLC)960041203
=040  \\$aFlBoTFG$beng$erda$cFlBoTFG
=041  1\$aeng$hchi
=043  \\$aa-cc---
=050  \4$aHC427.95$b.L5348 2017
=082  04$a330.951$bL693
=100  1\$aLi, Jiange,$eauthor.
=240  10$aEssays.$kSelections.$lEnglish
=245  10$aChinese economists on economic reform :$bcollected works of Li Jiange /$cLi Jiange ; edited by China Development Research Foundation.
=246  30$aCollected works of Li Jiange
=264  \1$aAbingdon, Oxon ;$aNew York, NY :$bRoutledge,$c©2017.
=264  \4$c©2017
=300  \\$a1 online resource :$btext file, PDF
=336  \\$atext$2rdacontent
=337  \\$acomputer$2rdamedia
=338  \\$aonline resource$2rdacarrier
=490  1\$aRoutledge studies on the Chinese economy. Chinese economists on economic reform ;$v10
=504  \\$aIncludes bibliographical references and index.
=505  0\$a1. A debate on the relationship between planning and the market (1991) -- 2. "Futures" in China : theory, policy, and systems (February 20, 1994) -- 3. On making China's system of circulation more market-oriented, and on creating institutions to handle the market (1995) -- 4. The role, responsibility, and destiny of economists (1998) -- 5. On capital markets (2000) -- 6. China's reform and opening up, and the establishment of clean government (March 30, 2000) -- 7. Going beyond the labor theory of value (November 15, 2001) -- 8. Various thoughts on rural employment, rural finance, and rural public healthcare (December 18, 2001) -- 9. Financial innovations, financial stability, and financial regulation (April 2003) -- 10. China's energy sector : issues of government regulation, and making the sector more market-oriented (November 17, 2003) -- 11. On income inequality and being industrious (February 2005) -- 12. A look at the stock market from a new perspective (February 2005) -- 13. Concepts that underlie market regulation (May 2005) -- 14. Incentive mechanisms, moral hazard, and the basis for a market (May 2005) -- 15. Xue Muqiao : a great master who experienced the vicissitudes of a century (September 10, 2005) -- 16. What exactly do we want to learn? (November 4, 2005) -- 17. A letter on income distribution (December 23, 2005) -- 18. Why are medical costs so high? (February 2006) -- 19. How to pull medical resources together and distribute them in a reasonable way (February 20, 2006) -- 20. China's evolving industrial policy (May 2006) -- 21. Striking a balance among wages, employment, and efficiency (May 2006) -- 22. A new approach to the old problem of "empty accounts" in pension funds (May 2006) -- 23. NDC : a pension-fund reform model that is worth considering (June 2006) -- 24. Prudent handling of the three main relationships (December 2006) -- 25. On transforming China's mode of economic growth and speeding up economic restructuring (January 4, 2007) -- 26. Economic development and environmental protection (February 15, 2007) -- 27. Resolving fairness issues must rely on "reform" (December 24, 2007) -- 28. Strategies and goals for a water-conserving society : new conceptual approaches for handling water issues (March 2008).
=530  \\$aAlso available in print format.
=650  \0$aEconomic development$zChina.
=651  \0$aChina$xEconomic conditions$y2000-
=651  \0$aChina$xEconomic policy$y2000-
=655  \7$aElectronic books.$2lcsh
=710  2\$aZhongguo fa zhan yan jiu ji jin hui,$eeditor...
=776  08$iPrint version: $z9781138671263(Hardback)$w 2016011586
=793  0\$aTaylor & Francis online monographs (UCSD)
=830  \0$aRoutledge studies on the Chinese economy.$pChinese economists on economic reform ;$v10.
=856 40$zTaylor & Francis. Restricted to UCSD IP addresses.$uhttps://www.taylorfrancis.com/books/9781317206989

