=LDR  02195cam a2200505Ii 4500
=001  TF9781136228360
=003  FlBoTFG
=005  20180331111825.0
=006  m\\\\\o\\d\\\\\\\\
=007  cr\\\\\\\\\\\\
=008  180331s2015\\\\nyua\\\\ob\\\\001\0\eng\d
=020  \\$a9781136228360$q(e-book: PDF)
=020  \\$z9780203098929$q(e-book : PDF)
=020  \\$z9780415835152$q(paperback)
=020  \\$z9780415629751$q(hardback)
=020  \\$z9781136228353$q(e-book: ePub)
=020  \\$z9781136228315$q(e-book: Mobi)
=020  \\$a9780203098929 (e-book)
=020  \\$a9781136228315 (e-book: Mobi)
=020  \\$a9781136228353 (e-book: ePub)
=020  \\$a9780415629751 (hardback)
=020  \\$a9780415835152 (paperback)
=024  7\$a10.4324/9780203098929 $2doi
=035  \\$a(OCoLC)958104971
=040  \\$aFlBoTFG$cFlBoTFG$erda$beng
=050  \4$aTC413$b.E37 2015
=082  04$a333.9162$bE122
=100  1\$aEarle, Anton.,$eauthor.
=245  10$aTransboundary water management and the climate change debate /$cAnton Earle .. [et al.].
=264  \1$aNew York :$bRoutledge,$c©2015.
=300  \\$a1 online resource (xiii, 187 pages) :$billustrations, text file, PDF
=336  \\$atext$2rdacontent
=337  \\$acomputer$2rdamedia
=338  \\$aonline resource$2rdacarrier
=490  1\$aEarthscan studies in water resource management
=504  \\$aIncludes bibliographical references and index.
=505  0\$aThe Ganges-Brahmaputra River Basin -- The Jordan River Basin -- The Mekong River Basin -- The Niger River Basin -- The Nile River Basin -- The Orange-Senqu River Basin -- Conclusion : climate change spanning from weather to water governance.
=530  \\$aAlso available in print format.
=650  \0$aClimatic changes$xGovernment policy.
=650  \0$aWatershed management$xInternational cooperation.
=650  \0$aWater-supply$xCo-management.
=655  \7$aElectronic books.$2lcsh
=776  08$iPrint version: $z9780415629751(Hardback)$w(DLC) 2014046463
=793  0\$aTaylor & Francis online monographs (UCSD)
=830  \0$aEarthscan studies in water resource management.
=856 40$zTaylor & Francis. Restricted to UCSD IP addresses.$uhttps://www.taylorfrancis.com/books/9781136228360

