=LDR  01966cam a2200493Ii 4500
=001  TF9781315544540
=003  FlBoTFG
=005  20180331111825.0
=006  m\\\\\o\\d\\\\\\\\
=007  cr\\\\\\\\\\\\
=008  180331s2017\\\\enk\\\\\ob\\\\001\0\eng\d
=020  \\$a9781134834143 (e-book: PDF)$q(e-book : PDF)
=020  \\$z9781134834143$q(e-book: PDF)
=020  \\$z9781134834280$q(e-book: Mobi)
=020  \\$z9781138942738$q(hardback)
=020  \\$z9781138942745$q(paperback)
=020  \\$a9781315544540 (e-book)
=020  \\$a9781134834280 (e-book: Mobi)
=020  \\$a9781138942738 (hardback)
=020  \\$a9781138942745 (paperback)
=024  7\$a10.4324/9781315544540 $2doi
=035  \\$a(OCoLC)960902279
=040  \\$aFlBoTFG$cFlBoTFG$erda$beng
=050  \4$aRC569.5.B67$bS93 2017
=082  04$a616.85852$bS971
=100  1\$aSwales, Michaela A.,$d1965-,$eauthor.
=245  10$aDialectical behaviour therapy :$bdistinctive features /$cMichaela A. Swales and Heidi L. Heard.
=250  \\$aSecond edition.
=264  \1$aLondon ;$aNew York :$bRoutledge,$c©2017.
=300  \\$a1 online resource (xvi, 162 pages) :$btext file, PDF
=336  \\$atext$2rdacontent
=337  \\$acomputer$2rdamedia
=338  \\$aonline resource$2rdacarrier
=490  1\$aCBT distinctive features
=504  \\$aIncludes bibliographical references and index.
=505  0\$apt. 1. The distinctive theoretical features of DBT -- pt. 2. The distinctive practical features of DBT.
=530  \\$aAlso available in print format.
=650  \0$aBorderline personality disorder$xTreatment.
=650  \0$aDialectical behavior therapy.
=655  \7$aElectronic books.$2lcsh
=700  1\$aHeard, Heidi L.
=776  08$iPrint version: $z9781138942738(Hardback)$w 2016006268
=793  0\$aTaylor & Francis online monographs (UCSD)
=830  \0$aCBT distinctive features series.
=856 40$zTaylor & Francis. Restricted to UCSD IP addresses.$uhttps://www.taylorfrancis.com/books/9781134834143

