=LDR  02461cam a2200613Ii 4500
=001  TF9781315695921
=003  FlBoTFG
=005  20180331111825.0
=006  m\\\\\o\\d\\\\\\\\
=007  cr\\\\\\\\\\\\
=008  180331s2016\\\\enka\\\\ob\\\\001\0\eng\d
=020  \\$a9781317444398 (e-book: PDF)$q(e-book : PDF)
=020  \\$z9781317444398$q(e-book: PDF)
=020  \\$z9781317444381$q(e-book: ePub)
=020  \\$z9781317444374$q(e-book: Mobi)
=020  \\$z9781138905306$q(hardback)
=020  \\$z9781138502796$q(paperback)
=020  \\$a9781315695921 (e-book)
=020  \\$a9781317444374 (e-book: Mobi)
=020  \\$a9781317444381 (e-book: ePub)
=020  \\$a9781138905306 (hardback)
=020  \\$a9781138502796 (paperback)
=024  7\$a10.4324/9781315695921 $2doi
=035  \\$a(OCoLC)958108808
=040  \\$aFlBoTFG$cFlBoTFG$erda$beng
=043  \\$aa-ja---
=050  \4$aHQ1762$b.H266 2016
=082  04$a305.40952$bH249
=100  1\$aHansen, Gitte Marianne.,$eauthor.
=245  10$aFemininity, self-harm and eating disorders in Japan :$bnavigating contradiction in narrative and visual culture /$cGitte Marianne Hansen.
=264  \1$aAbingdon, Oxon : New York, N.Y. :$bRoutledge,$c©2016.
=300  \\$a1 online resource (xii, 210 pages) :$billustrations, text file, PDF
=336  \\$atext$2rdacontent
=337  \\$acomputer$2rdamedia
=338  \\$aonline resource$2rdacarrier
=490  1\$aNissan Institute/Routledge Japanese studies series
=504  \\$aIncludes bibliographical references and index.
=505  0\$apt. 1. Normativity -- pt. 2. Self-directed violence.
=530  \\$aAlso available in print format.
=650  \0$aBody image in literature.
=650  \0$aBody image in women$zJapan.
=650  \0$aEating disorders in women$zJapan.
=650  \0$aFemininity in literature.
=650  \0$aFemininity in popular culture$zJapan.
=650  \0$aFemininity$zJapan.
=650  \0$aFeminist literary criticism.
=650  \0$aJapanese literature$xWomen authors.
=650  \0$aSelf-mutilation$zJapan.
=650  \0$aWomen$zJapan$xIdentity.
=650  \0$aWomen$zJapan$xPsychology.
=655  \7$aElectronic books.$2lcsh
=776  08$iPrint version: $z9781138905306$q(Hardback)$w(DLC) 2015020162
=793  0\$aTaylor & Francis online monographs (UCSD)
=830  \0$aNissan Institute/Routledge Japanese studies series.
=856 40$zTaylor & Francis. Restricted to UCSD IP addresses.$uhttps://www.taylorfrancis.com/books/9781317444398

