=LDR  01981cam a2200469Ii 4500
=001  TF9781315401027
=003  FlBoTFG
=005  20180330125217.0
=006  m\\\\\o\\d\\\\\\\\
=007  cr\\\\\\\\\\\\
=008  180331s2017\\\\enk\\\\\ob\\\\001\0\eng\d
=020  \\$a9781315401010 (e-book: PDF)$q(e-book : PDF)
=020  \\$z9781315401010$q(e-book: PDF)
=020  \\$z9781315400990$q(e-book: Mobi)
=020  \\$z9781138225046$q(hardback)
=020  \\$a9781315401027 (e-book)
=020  \\$a9781315400990 (e-book: Mobi)
=020  \\$a9781138225046 (hardback)
=024  7\$a10.4324/9781315401027 $2doi
=035  \\$a(OCoLC)965196409
=040  \\$aFlBoTFG$cFlBoTFG$erda$beng
=043  \\$acl-----
=050  \4$aPQ7081.5$b.W69 2017
=082  04$a860.99287$bW872
=245  00$aWomen's negotiations and textual agency in Latin America, 1500-1799 /$cedited by Monica Diaz and Rocio Quispe-Agnoli.
=264  \1$aLondon ;$aNew York :$bRoutledge,$c©2017.
=300  \\$a1 online resource (xii, 203 pages) :$btext file, PDF
=336  \\$atext$btxt$2rdacontent
=337  \\$acomputer$bc$2rdamedia
=338  \\$aonline resource$bcr$2rdacarrier
=490  1\$aWomen and gendifer in the early modifern world
=504  \\$aIncludes bibliographical references and index.
=505  0\$apt. I. Censorship and the body -- pt. II. Female authority and legal discourse -- pt. III. Private lives and public opinions.
=530  \\$aAlso available in print format.
=650  \0$aLatin American literature$xWomen authors$xHistory and criticism.
=650  \0$aWomen and literature$zLatin America.
=655  \7$aElectronic books.$2lcsh
=700  1\$aDiaz, Monica,$d1974-
=700  1\$aQuispe-Agnoli, Rocio.
=776  08$iPrint version: $z9781138225046(Hardback)$w 2016024142
=793  0\$aTaylor & Francis online monographs (UCSD)
=830  \0$aWomen and gendifer in the early modifern world.
=856 40$zTaylor & Francis. Restricted to UCSD IP addresses.$uhttps://www.taylorfrancis.com/books/9781315401010

