=LDR  02038cam a2200493Ii 4500
=001  TF9781315757940
=003  FlBoTFG
=005  20180331111825.0
=006  m\\\\\o\\d\\\\\\\\
=007  cr\\\\\\\\\\\\
=008  180331s2016\\\\enkad\\\ob\\\\001\0\eng\d
=020  \\$a9781317634690 (e-book: PDF)$q(e-book : PDF)
=020  \\$z9781317634690$q(e-book: PDF)
=020  \\$z9781317634683$q(e-book: ePub)
=020  \\$z9781317634676$q(e-book: Mobi)
=020  \\$z9781138796331$q(hardback)
=020  \\$z9781138796348$q(paperback)
=020  \\$a9781315757940 (e-book)
=020  \\$a9781317634676 (e-book: Mobi)
=020  \\$a9781317634683 (e-book: ePub)
=020  \\$a9781138796331 (hardback)
=020  \\$a9781138796348 (paperback)
=024  7\$a10.4324/9781315757940 $2doi
=035  \\$a(OCoLC)1000430124
=040  \\$aFlBoTFG$cFlBoTFG$erda$beng
=050  \4$aH97$b.B4655 2016
=082  04$a320.6$bB444
=100  1\$aBellinger, William Kenneth,$d1950-,$eauthor.
=245  14$aThe economic analysis of public policy /$cWilliam K. Bellinger.
=250  \\$aSecond edition.
=264  \1$aLondon ;$aNew York :$bRoutledge,$c©2016.
=300  \\$a1 online resource (x, 502 pages) :$billustrations, text file, PDF
=336  \\$atext$2rdacontent
=337  \\$acomputer$2rdamedia
=338  \\$aonline resource$2rdacarrier
=504  \\$aIncludes bibliographical references and index.
=505  0\$asection 1. Economic and ethical concepts for policy analysis -- section 2. Economics for policy analysts -- section 3. Tools for analyzing public policy -- section 4. Public policy cases.
=530  \\$aAlso available in print format.
=650  \0$aEconomic policy.
=650  \0$aPolicy sciences$xEconomic aspects.
=650  \0$aPolitical planning$xEconomic aspects.
=655  \7$aElectronic books.$2lcsh
=776  08$iPrint version: $z9781138796331$q(Hardback)$w(DLC) 2015012122
=793  0\$aTaylor & Francis online monographs (UCSD)
=856 40$zTaylor & Francis. Restricted to UCSD IP addresses.$uhttps://www.taylorfrancis.com/books/9781317634690

