=LDR  01921cam a2200445Ii 4500
=001  TF9781315613567
=003  FlBoTFG
=005  20180331102445.0
=006  m\\\\\o\\d\\\\\\\\
=007  cr\\\\\\\\\\\\
=008  180331s2017\\\\enkah\\\ob\\\\001\0deng\d
=020  \\$a9781317041658 (e-book: PDF)$q(e-book : PDF)
=020  \\$z9781317041658$q(e-book: PDF)
=020  \\$z9781317041634$q(e-book: Mobi)
=020  \\$z9781472444073$q(hardback)
=020  \\$a9781315613567 (e-book)
=020  \\$a9781317041634 (e-book: Mobi)
=020  \\$a9781472444073 (hardback)
=024  7\$a10.4324/9781315613567 $2doi
=035  \\$a(OCoLC)985840432
=040  \\$aFlBoTFG$cFlBoTFG$erda$beng
=050  \4$aPQ7296.J6$bZ853 2017
=082  04$a861.3$bR869
=245  04$aThe Routledge research companion to the works of Sor Juana Ines de la Cruz /$cedited by Emilie L. Bergmann and Stacey Schlau.
=246  30$aResearch companion to the works of Sor Juana Ines de la Cruz
=264  \1$aLondon ;$aNew York :$bRoutledge,$c©2017.
=300  \\$a1 online resource :$billustrations, text file, PDF
=336  \\$atext$2rdacontent
=337  \\$acomputer$2rdamedia
=338  \\$aonline resource$2rdacarrier
=504  \\$aIncludes bibliographical references and index.
=505  0\$apt. I. Contexts -- pt. II. Reception history -- pt. III. Interpretations of and debates about the works -- pt. IV. Future directions for research.
=530  \\$aAlso available in print edition.
=538  \\$aMode of access: World Wide Web.
=600  10$aJuana Ines de la Cruz,$cSister,$d1651-1695$xCriticism and interpretation.
=655  \7$aElectronic books.$2lcsh
=700  1\$aBergmann, Emilie L.,$d1949-
=700  1\$aSchlau, Stacey,$d1948-
=776  08$iPrint version: $z9781472444073$q(Hardback)
=793  0\$aTaylor & Francis online monographs (UCSD)
=856 40$zTaylor & Francis. Restricted to UCSD IP addresses.$uhttps://www.taylorfrancis.com/books/9781317041658

