=LDR  02169cam a2200481Ii 4500
=001  TF9781315689548
=003  FlBoTFG
=005  20180331111825.0
=006  m\\\\\o\\d\\\\\\\\
=007  cr\\\\\\\\\\\\
=008  180331s2017\\\\enk\\\\\ob\\\\001\0\eng\d
=020  \\$a9781317424468 (e-book: PDF)$q(e-book : PDF)
=020  \\$z9781317424468$q(e-book: PDF)
=020  \\$z9781317424444$q(e-book: Mobi)
=020  \\$z9781138916562$q(hardback)
=020  \\$z9781138916586$q(paperback)
=020  \\$a9781315689548 (e-book)
=020  \\$a9781317424444 (e-book: Mobi)
=020  \\$a9781138916562 (hardback)
=020  \\$a9781138916586 (paperback)
=024  7\$a10.4324/9781315689548 $2doi
=035  \\$a(OCoLC)966445076
=040  \\$aFlBoTFG$cFlBoTFG$erda$beng
=050  \4$aHX550.P77$bP38 2017
=082  04$a150.19501$bP339
=100  1\$aPavon Cuellar, David.,$eauthor.
=245  10$aMarxism and psychoanalysis :$bin or against psychology? /$cDavid Pavon-Cuellar ; translated by Paul Kersey and David Pavon-Cuellar.
=264  \1$aLondon ;$aNew York :$bRoutledge,$c©2017.
=300  \\$a1 online resource (xii, 230 pages) :$btext file, PDF
=336  \\$atext$2rdacontent
=337  \\$acomputer$2rdamedia
=338  \\$aonline resource$2rdacarrier
=490  1\$aConcepts for critical psychology: disciplinary boundaries re-thought
=504  \\$aIncludes bibliographical references and index.
=505  0\$a1. Marxian psychologies -- 2. Marx and Freud -- 3. From psychoanalysis to psychologization -- 4. Psychology and its critique in Marxism -- 5. Marxist psychologies -- 6. Marxism, psychoanalysis and critique of psychology -- 7. Towards a critical metapsychology -- 8. Critique as praxis.
=530  \\$aAlso available in print format.
=650  \0$aCommunism and psychoanalysis.
=650  \0$aCommunism and psychology.
=655  \7$aElectronic books.$2lcsh
=700  1\$aKersey, Paul.
=776  08$iPrint version: $z9781138916562(Hardback)$w 2016032101
=793  0\$aTaylor & Francis online monographs (UCSD)
=830  \0$aConcepts for critical psychology.
=856 40$zTaylor & Francis. Restricted to UCSD IP addresses.$uhttps://www.taylorfrancis.com/books/9781317424468

