=LDR  02092cam a2200481Ii 4500
=001  TF9781315682518
=003  FlBoTFG
=005  20180331111825.0
=006  m\\\\\o\\d\\\\\\\\
=007  cr\\\\\\\\\\\\
=008  180331r20161991enka\\\\ob\\\\001\0\eng\d
=020  \\$a9781317403401 (e-book: PDF)$q(e-book : PDF)
=020  \\$z9781317403401$q(e-book: PDF)
=020  \\$z9781317403395$q(e-book: ePub)
=020  \\$z9781317403388$q(e-book: Mobi)
=020  \\$z9781138924222$q(hardback)
=020  \\$z9781138928329$q(paperback)
=020  \\$a9781315682518 (e-book)
=020  \\$a9781317403388 (e-book: Mobi)
=020  \\$a9781317403395 (e-book: ePub)
=020  \\$a9781138924222 (hardback)
=020  \\$a9781138928329 (paperback)
=024  7\$a10.4324/9781315682518 $2doi
=035  \\$a(OCoLC)958108437
=040  \\$aFlBoTFG$cFlBoTFG$erda$beng
=050  \4$aTR820$b.L47 2016
=082  04$a070.49$bL642
=100  1\$aLester, Paul Martin.,$eauthor.
=245  10$aPhotojournalism :$ban ethical approach /$cPaul Lester.
=264  \1$aAbingdon, Oxon :$bRoutledge,$c©2016.
=300  \\$a1 online resource (xii, 202 pages) :$billustrations, text file, PDF
=336  \\$atext$2rdacontent
=337  \\$acomputer$2rdamedia
=338  \\$aonline resource$2rdacarrier
=490  0\$aRoutledge library editions. Journalism ;$vv. 10
=500  \\$aFirst published in 1991.
=504  \\$aIncludes bibliographical references and indexes.
=505  0\$ach. 1. The merger of photojournalism and ethics -- ch. 2. Photojournalism assignments and techniques -- ch. 3. Finding a philosophical perspective -- ch. 4. Victims of violence -- ch. 5. Rights to privacy -- ch. 6. Picture manipulations -- ch. 7. Other issues of concern -- ch. 8. Juggling journalism and humanism.
=530  \\$aAlso available in print format.
=650  \0$aPhotojournalism.
=655  \7$aElectronic books.$2lcsh
=776  08$iPrint version: $z9781138924222$q(Hardback)
=793  0\$aTaylor & Francis online monographs (UCSD)
=856 40$zTaylor & Francis. Restricted to UCSD IP addresses.$uhttps://www.taylorfrancis.com/books/9781317403401

