=LDR  03779cam a2200445Ii 4500
=001  TF9781315772349
=003  FlBoTFG
=005  20180331111825.0
=006  m\\\\\o\\d\\\\\\\\
=007  cr\\\\\\\\\\\\
=008  180331s2016\\\\nyua\\\\ob\\\\001\0\eng\d
=020  \\$a9781317678113 (e-book: PDF)$q(e-book : PDF)
=020  \\$z9781317678113$q(e-book: PDF)
=020  \\$z9781317678106$q(e-book: ePub)
=020  \\$z9781317678090$q(e-book: Mobi)
=020  \\$z9781138777873$q(hardback)
=020  \\$z9781138777903$q(paperback)
=020  \\$a9781315772349 (e-book)
=020  \\$a9781317678090 (e-book: Mobi)
=020  \\$a9781317678106 (e-book: ePub)
=020  \\$a9781138777873 (hardback)
=020  \\$a9781138777903 (paperback)
=035  \\$a(OCoLC)941779269
=040  \\$aFlBoTFG$cFlBoTFG$erda$beng
=050  \4$aRC552.A5$bM36 2016
=082  04$a616.85262$bM266
=245  00$aManaging severe and enduring anorexia nervosa :$ba clinician's guide /$cedited by: Stephen Touyz .. [et al.].
=264  \1$aNew York :$bRoutledge,$c©2016.
=300  \\$a1 online resource (xx, 299 pages) :$billustrations, text file, PDF
=336  \\$atext$2rdacontent
=337  \\$acomputer$2rdamedia
=338  \\$aonline resource$2rdacarrier
=504  \\$aIncludes bibliographical references and index.
=505  0\$a1. What do we know about severe and enduring anorexia nervosa? / Anna C. Ciao, Erin C. Accurso, and Stephen A. Wonderlich -- 2. Quality of life and psychosocial functioning in severe and enduring anorexia nervosa / Debra L. Franko ... [et al.] -- 3. Perpetuating factors in severe and enduring anorexia nervosa / Timothy D. Brewerton and Amy Baker Dennis -- 4. How does anorexia nervosa become resistant to change? / Joanna E Steinglass and Karin Foerde -- 5. Treating severe and enduring anorexia nervosa : a randomized control trial / Stephen Touyz ... [et al.] -- 6. Managing the patient with severe and enduring anorexia nervosa / Stephen Touyz and Michael Strober -- 7. Specialist supportive clinical management for severe and enduring anorexia nervosa (SSCM-SE) : a clinician's manual / Phillipa Hay, Gini McIntosh, and Cynthia Bulik -- 8. Cognitive behavioral therapy for severe and enduring anorexia nervosa / Kathleen M. Pike and Marion P. Olmsted -- 9. Administering treatments for SE-AN : examples from treatment experiences / Colleen Stiles-Shields, Bryony Bamford, Lucy Serpell -- 10. Who is best placed to treat clients with severe and enduring anorexia nervosa? / Bryony Bamford, Victoria Mountford, and Josie Geller -- 11. Hospital admissions in severe and enduring anorexia nervosa : when to admit, when not to admit, and when to stop admitting / D. Blake Woodside ... [et al.] -- 12. Is involuntary (compulsory) treatment ever justified in patients with SE-AN : an international perspective / Joel Yager, Terry Carney, and Stephen Touyz -- 13. Severe and enduring anorexia nervosa : a new approach to its diagnosis, features, and treatment / J. Hubert Lacey and Richard Sly -- 14. The role of palliative care in severe and enduring anorexia nervosa / Allan S. Kaplan and Amy Miles -- 15. Treating males with SE-AN : different than females? / Theodore E. Weltzin -- 16. Pharmacotherapy and novel biological approaches in SE-AN : helpful or harmful? / Angelica Medeiros Claudino, Mara Fernandes Maranhao, and Evelyn Attia -- 17. A life wasted : the patient perspective / June Alexander.
=530  \\$aAlso available in print format.
=650  \0$aAnorexia nervosa.
=655  \7$aElectronic books.$2lcsh
=700  1\$aTouyz, S. W.$q(Stephen W.)
=776  08$iPrint version: $z9781138777873$q(Hardback)
=793  0\$aTaylor & Francis online monographs (UCSD)
=856 40$zTaylor & Francis. Restricted to UCSD IP addresses.$uhttps://www.taylorfrancis.com/books/9781317678113

