=LDR  05264cam a2200601Ii 4500
=001  TF9781315637884
=003  FlBoTFG
=005  20180331102445.0
=006  m\\\\\o\\d\\\\\\\\
=007  cr\\\\\\\\\\\\
=008  180331s2017\\\\enka\\\\ob\\\\001\0\eng\d
=020  \\$a9781317269373 (e-book: PDF)$q(e-book : PDF)
=020  \\$z9781317269373$q(e-book: PDF)
=020  \\$z9781317269366$q(e-book: ePub)
=020  \\$z9781317269359$q(e-book: Mobi)
=020  \\$z9781138638259$q(hardback)
=020  \\$z9781138606692$q(paperback)
=020  \\$a9781315637884 (e-book)
=020  \\$a9781317269359 (e-book: Mobi)
=020  \\$a9781317269366 (e-book: ePub)
=020  \\$a9781138638259 (hardback)
=020  \\$a9781138606692 (paperback)
=024  7\$a10.4324/9781315637884 $2doi
=035  \\$a(OCoLC)954000625
=040  \\$aFlBoTFG$cFlBoTFG$erda$beng
=043  \\$aa-ja---
=050  \4$aDS822.5$b.E53 2017
=082  04$a306.0952$bE565
=245  04$aThe end of cool Japan :$bethical, legal, and cultural challenges to Japanese popular culture /$cedited by Mark McLelland.
=264  \1$aMilton Park, Abingdon, Oxon ;$aNew York, N.Y. :$bRoutledge,$c©2017.
=300  \\$a1 online resource (iv, 184  pages) :$billustrations, text file, PDF
=336  \\$atext$2rdacontent
=337  \\$acomputer$2rdamedia
=338  \\$aonline resource$2rdacarrier
=490  0\$aRoutledge contemporary Japan series ;$v65
=504  \\$aIncludes bibliographical references and index.
=505  0\$a1. Introduction : negotiating "cool Japan" in research and teaching / Mark McLelland -- 2. Death note, student crimes, and the power of universities in the global spread of manga / Alisa Freedman -- 3. Scholar girl meets manga maniac, media specialist, and cultural gatekeeper / Laura Miller -- 4. Must we burn eromanga? : on trying obscenity in the courtroom and the classroom / Kirsten Cather -- 5. Manga, anime and child pornography law in Canada / Sharalyn Orbaugh -- 6. The "Lolicon guy" : some observations on researching unpopular topics in Japan / Patrick W. Galbraith -- 7. All seizures great and small : reading contentious images of minors in Japan and Australia / Adam Stapleton -- 8. "The love that dare not speak its name" : Chinese Danmei communities in the 2014 anti-porn campaign / Lin Yang and Yanrui Xu -- 9. Negotiating religious and fan identities : "boys love" and Fujoshi guilt / Jessica Bauwens-Sugimoto -- 10. Is there a space for cool manga in Indonesia and the Philippines? : postcolonial discourses on transcultural manga / Kristine Michelle Santos and Febriani Sihombing.
=520  2\$a"Today's convergent media environment offers unprecedented opportunities for sourcing and disseminating previously obscure popular culture content from Japan. However, this presents concerns regarding copyright, ratings and exposure to potentially illegal content which are serious problems for those teaching and researching Japanese popular culture. Despite the enthusiasm for Japanese popular culture, these concerns spark debate about whether it can be judged harmful for youth audiences and could therefore herald the end of 'cool Japan.' This collection brings together Japan specialists in order to identify key challenges in using Japanese popular culture materials in their research and teaching. It addresses issues such as the availability of unofficially translated and transmitted Japanese material; the emphasis on adult-themes, violence, sexual scenes and under-age characters; and the high levels of discrepancy in legislation and ratings systems across the world. Considering how these issues affect researchers, teachers and fans in the US, Canada, Australia, China, Japan and elsewhere in Asia, the contributors discuss the different ways in which academic and fan practices are challenged by local regulations. Illustrating from personal experience the sometimes fraught nature of teaching about 'cool Japan,' they suggest ways in which Japanese Studies as a discipline needs to develop clearer guidelines for teaching and research, especially for new scholars entering the field. As the first collection to identify some of the real problems faced by teachers and researchers of Japanese popular culture as well as the students over whom they have a duty of care, this book will be of great interest to students and scholars of Japanese Studies and Culture Studies"--Provided by publisher.
=530  \\$aAlso available in print format.
=538  \\$aMode of access: World Wide Web.
=650  \0$aChild pornography$xSocial aspects$zJapan.
=650  \0$aComic books, strips, etc.$xSocial aspects$zJapan.
=650  \0$aMass media$xSocial aspects$zJapan.
=650  \0$aPopular culture$xMoral and ethical aspects$zJapan.
=650  \0$aPopular culture$xResearch.
=650  \0$aPopular culture$xStudy and teaching.
=650  \0$aPopular culture$zJapan.
=651  \0$aJapan$xSocial conditions$y1989-
=651  \0$aJapan$xStudy and teaching.
=655  \7$aElectronic books.$2lcsh
=700  1\$aMcLelland, Mark.
=776  08$iPrint version: $z9781138638259(Hardback)$w  2016009965
=793  0\$aTaylor & Francis online monographs (UCSD)
=856 40$zTaylor & Francis. Restricted to UCSD IP addresses.$uhttps://www.taylorfrancis.com/books/9781317269373

