=LDR  02044cam a2200481Ii 4500
=001  TF9781315599373
=003  FlBoTFG
=005  20180331102445.0
=006  m\\\\\o\\d\\\\\\\\
=007  cr\\\\\\\\\\\\
=008  180331s2016\\\\enk\\\\\ob\\\\001\0\eng\d
=020  \\$a9781317084228 (e-book: PDF)$q(e-book : PDF)
=020  \\$z9781317084228$q(e-book: PDF)
=020  \\$z9781317084211$q(e-book: ePub)
=020  \\$z9781317084204$q(e-book: Mobi)
=020  \\$z9781472431097$q(hardback)
=020  \\$a9781315599373 (e-book)
=020  \\$a9781317084204 (e-book: Mobi)
=020  \\$a9781317084211 (e-book: ePub)
=020  \\$a9781472431097 (hardback)
=020  \\$a9781138314818 (paperback)
=024  7\$a10.4324/9781315599373 $2doi
=035  \\$a(OCoLC)945095075
=040  \\$aFlBoTFG$cFlBoTFG$erda$beng
=050  \4$aHV41$b.W367 2016
=082  04$a174.936132$bW423
=100  1\$aWeinberg, Merlinda.,$eauthor.
=245  10$aParadoxes in social work practice :$bmitigating ethical trespass /$cMerlinda Weinberg.
=264  \1$aLondon ;$aNew York :$bRoutledge,$c©2016.
=300  \\$a1 online resource :$btext file, PDF
=336  \\$atext$2rdacontent
=337  \\$acomputer$2rdamedia
=338  \\$aonline resource$2rdacarrier
=490  1\$aContemporary social work studies
=504  \\$aIncludes bibliographical references and index.
=505  0\$a1. Introduction -- 2. Discursive fields and ethical issues -- 3. Micro relations : power, judgement, and emotion -- 4. Macro relations : broader structural issues in practice -- 5. Reducing ethical trespass -- 6. Conclusion.
=530  \\$aAlso available in print edition.
=538  \\$aMode of access: World Wide Web.
=650  \0$aSocial service$xMoral and ethical aspects.
=655  \7$aElectronic books.$2lcsh
=776  08$iPrint version: $z9781472431097(Hardback)$w 2015034831
=793  0\$aTaylor & Francis online monographs (UCSD)
=830  \0$aContemporary social work studies.
=856 40$zTaylor & Francis. Restricted to UCSD IP addresses.$uhttps://www.taylorfrancis.com/books/9781317084228

