=LDR  02225cam a2200529Ii 4500
=001  TF9781315834993
=003  FlBoTFG
=005  20180331111825.0
=006  m\\\\\o\\d\\\\\\\\
=007  cr\\\\\\\\\\\\
=008  180331s2013\\\\enkab\\\ob\\\\001\0\eng\d
=020  \\$a9781317866541 (e-book: PDF)$q(e-book : PDF)
=020  \\$z9781317866541$q(e-book: PDF)
=020  \\$z9781317866534$q(e-book: ePub)
=020  \\$z9781317866527$q(e-book: Mobi)
=020  \\$z9781138836655$q(hardback)
=020  \\$z9781405801362$q(paperback)
=020  \\$a9781315834993 (e-book)
=020  \\$a9781317866527 (e-book: Mobi)
=020  \\$a9781317866534 (e-book: ePub)
=020  \\$a9781138836655 (hardback)
=020  \\$a9781405801362 (paperback)
=024  7\$a10.4324/9781315834993 $2doi
=035  \\$a(OCoLC)897462543
=040  \\$aFlBoTFG$cFlBoTFG$erda$beng
=043  \\$ae-gx---
=050  \4$aDD237$b.S75 2013
=082  04$a943.085$bS854
=100  1\$aStibbe, Matthew.,$eauthor.
=245  10$aGermany, 1914-1933 :$bpolitics, society and culture /$cMatthew Stibbe.
=264  \1$aOxon [England] :$bRoutledge,$c©2013.
=300  \\$a1 online resource (xxvii, 258 pages) :$billustrations, text file, PDF
=336  \\$atext$2rdacontent
=337  \\$acomputer$2rdamedia
=338  \\$aonline resource$2rdacarrier
=500  \\$aFirst published 2010 by Pearson Education.
=504  \\$aIncludes bibliographical references (p. [217]-247) and index.
=505  0\$a1. The war from above -- 2. The war from below -- 3. Political and psychological consequences of the war -- 4. Economy and society in the 1920s -- 5. Weimar culture -- 6. The final years of the Republic.
=530  \\$aAlso available in print format.
=650  \0$aWorld War, 1914-1918$xSocial aspects$zGermany.
=650  \0$aWorld War, 1914-1918$zGermany.
=651  \0$aGermany$xHistory$y1918-1933.
=651  \0$aGermany$xPolitics and government$y1918-1933.
=651  \0$aGermany$xSocial conditions$y1918-1933.
=655  \7$aElectronic books.$2lcsh
=776  08$iPrint version: $z9781138836655$q(Hardback)
=793  0\$aTaylor & Francis online monographs (UCSD)
=856 40$zTaylor & Francis. Restricted to UCSD IP addresses.$uhttps://www.taylorfrancis.com/books/9781317866541

