=LDR  03891cam a2200529Ii 4500
=001  TF9781315858029
=003  FlBoTFG
=005  20180331111825.0
=006  m\\\\\o\\d\\\\\\\\
=007  cr\\\\\\\\\\\\
=008  180331s2015\\\\enkab\\\ob\\\\001\0\eng\d
=020  \\$a9781317935483 (e-book: PDF)$q(e-book : PDF)
=020  \\$z9781317935483$q(e-book: PDF)
=020  \\$z9781317935476$q(e-book: ePub)
=020  \\$z9781317935469$q(e-book: Mobi)
=020  \\$z9780415722889$q(hardback)
=020  \\$z9780415787604$q(paperback)
=020  \\$a9781315858029 (e-book)
=020  \\$a9781317935469 (e-book: Mobi)
=020  \\$a9781317935476 (e-book: ePub)
=020  \\$a9780415722889 (hardback)
=020  \\$a9780415787604 (paperback)
=024  7\$a10.4324/9781315858029 $2doi
=035  \\$a(OCoLC)891449920
=040  \\$aFlBoTFG$beng$cFlBoTFG$erda
=043  \\$aao-----
=050  \4$aKZA1692$b.S68 2015
=082  04$a341.4480916472$bS726
=245  04$aThe South China Sea maritime dispute :$bpolitical, legal, and regional perspectives /$cedited by Leszek Buszynski and Christopher B. Roberts.
=264  \1$aMilton Park, Abingdon, Oxon ;$aNew York, NY :$bRoutledge,$c©2015.
=300  \\$a1 online resource :$btext file, PDF
=336  \\$atext$2rdacontent
=337  \\$acomputer$2rdamedia
=338  \\$aonline resource$2rdacarrier
=490  1\$aRoutledge security in Asia Pacific series ;$v28
=504  \\$aIncludes bibliographical references and index.
=505  0\$a1. The origins and development of the South China Sea maritime dispute / Leszek Buszynski -- 2. Adrift on complex waters : geographical, geopolitical and legal dimensions to the South China Sea disputes / Clive Schofield -- 3. The 1982 UN Convention on the Law of the Sea and its relevance to maritime disputes in the South China Sea / Donald R. Rothwell -- 4. China's South China Sea policy : evolution, claims and challenge / Jian Zhang -- 5. Vietnam's evolving claims / Do Thanh Hai -- 6. The 2012 Scarborough Shoal stand-off : from stalemate to escalation of the South China Sea dispute? / Renato Cruz De Castro -- 7. ASEAN : the challenge of unity in diversity / Christopher B. Roberts -- 8. The US rebalance to Asia and the South China Sea disputes / Ralf Emmers -- 9. Australia's interests in the South China Sea / Michael Wesley -- 10. The South China Sea as a 'crisis' / Brendan Taylor -- 11. The South China Sea : stabilization and resolution / Leszek Buszynski and Christopher B. Roberts.
=520  \\$a"The South China Sea, a major strategic waterway for trade to Japan and Korea, has been the focus of a maritime dispute for six decades, with competing claims from China, Vietnam, the Philippines, Indonesia and Brunei. Recently China has become more assertive in pressing its claims - harassing Vietnamese and Philippine fishing boats, publicising its claims more prominently, and threatening to board ships around the islands claimed by China. All of this is unsettling, with the United States supporting the Philippines, and developing security ties with Vietnam. This book examines the conflict potential of the current dispute, discusses the views of the main claimants and the United States, and assesses the prospects for resolution"--$cProvided by publisher.
=530  \\$aAlso available in print format.
=651  \0$aSouth China Sea$xInternational status.
=655  \7$aElectronic books.$2lcsh
=700  1\$aBuszynski, Leszek,$eeditor...
=700  1\$aRoberts, Christopher B.,$eeditor...
=700  12$aBuszynski, Leszek.$tOrigins and development of the South China Sea maritime dispute.
=776  08$iPrint version: $z9780415722889$q(Hardback)$w(DLC) 2014012825
=793  0\$aTaylor & Francis online monographs (UCSD)
=830  \0$aRoutledge security in Asia Pacific series ;$v28.
=856 40$zTaylor & Francis. Restricted to UCSD IP addresses.$uhttps://www.taylorfrancis.com/books/9781317935483

