=LDR  04290cam a2200565Ii 4500
=001  TF9781315669113
=003  FlBoTFG
=005  20180331111825.0
=006  m\\\\\o\\d\\\\\\\\
=007  cr\\\\\\\\\\\\
=008  180331s2017\\\\nyua\\\\ob\\\\001\0\eng\d
=020  \\$a9781317363149 (e-book: PDF)$q(e-book : PDF)
=020  \\$z9781317363149$q(e-book: PDF)
=020  \\$z9781317363132$q(e-book: ePub)
=020  \\$z9781317363125$q(e-book: Mobi)
=020  \\$z9781138949348$q(hardback)
=020  \\$z9781138949355$q(paperback)
=020  \\$a9781315669113 (e-book)
=020  \\$a9781317363125 (e-book: Mobi)
=020  \\$a9781317363132 (e-book: ePub)
=020  \\$a9781138949348 (hardback)
=020  \\$a9781138949355 (paperback)
=024  7\$a10.4324/9781315669113 $2doi
=035  \\$a(OCoLC)957773341
=040  \\$aFlBoTFG$cFlBoTFG$erda$beng
=050  \4$aJA85$b.T85 2017
=082  04$a324.7302854692$bT974
=245  00$aTwitter and elections around the world :$bcampaigning in 140 characters or less /$cedited by Richard Davis, Christina Holtz-Bacha, and Marion Just.
=264  \1$aNew York, N.Y. :$bRoutledge is an imprint of the Taylor & Francis Group, an Informa Business,$c©2017.
=300  \\$a1 online resource (xvi, 323 pages) :$billustrations, text file, PDF
=336  \\$atext$2rdacontent
=337  \\$acomputer$2rdamedia
=338  \\$aonline resource$2rdacarrier
=490  1\$aRoutledge studies in global information, politics and society ;$v11
=504  \\$aIncludes bibliographical references and index.
=505  0\$aIntroduction / Marion Just and Christina Holtz-Bacha -- 1. Did Twitter kill the boys on the bus? : a report from the Romney campaign in 2012 / Peter Hamby -- 2. Tweeting to the press? : Effects of political Twitter activity on offline media in the 2013 German election campaign / Christina Holtz-Bacha and Reimar Zeh -- 3. U.S. political journalists' use of Twitter : lessons from 2012 and a look ahead / Logan Molyneux, Rachel R. Mourao, and Mark Coddington -- 4. Media coverage of an election campaign on Twitter : the case of Belgium in the EU elections / Evelien D'heer and Pieter Verdegem -- 5. Communication with constituents in 140 Characters : how members of Congress used Twitter to get out the vote in 2014 / Heather K. Evans -- 6. South Korean citizens' political information sharing on Twitter during the 2012 general election / Jisue Lee, Hohyon Ryu, Lorri Mon, and Sung Jae Park -- 7. Message repetition in social media : presidential candidate Twitter feeds in the 2012 U.S. general election / Kate Kenski and Bethany A. Conway -- 8. Campaigning on Twitter : the use of social media in the 2014 European elections in Italy / Sara Bentivegna and Rita Marchetti -- 9. Candidate use of Twitter and the intersection of gender, party, and position in the race : a comparison of competitive male/female Senate races in 2012 and 2014 / Marion R. Just, Ann N. Crigler, and Rose A. Owen -- 10. Who gets to say #areyoubetteroff? : promoted trends and bashtagging in the 2012 U.S. Presidential election / Joel Penney -- 11. Parties, leaders, and online personalization : Twitter in Canadian electoral politics / Tamara A. Small -- 12. Social media coming of age : developing patterns of Congressional Twitter use, 2007-2014 / David S. Lassen and Leticia Bode -- 13. From a tweet to a seat : Twitter, media visibility, and electoral support / Reimar Zeh -- Conclusion / Richard Davis.
=530  \\$aAlso available in print format.
=630  00$aTwitter$xPolitical aspects.
=650  \0$aCommunication in politics$xTechnological innovations.
=650  \0$aInternet in political campaigns.
=650  \0$aPolitical campaigns$xPress coverage$xTechnological innovations.
=650  \0$aPolitical campaigns$xTechnological innovations.
=650  \0$aSocial media$xPolitical aspects.
=655  \7$aElectronic books.$2lcsh
=700  1\$aDavis, Richard,$d1955-
=700  1\$aHoltz-Bacha, Christina.
=700  1\$aJust, Marion R.
=776  08$iPrint version: $z9781138949348(Hardback)$w 2016006523
=793  0\$aTaylor & Francis online monographs (UCSD)
=830  \0$aRoutledge studies in global information, politics and society ;$v11.
=856 40$zTaylor & Francis. Restricted to UCSD IP addresses.$uhttps://www.taylorfrancis.com/books/9781317363149

