=LDR  01890cam a2200469Ii 4500
=001  TF9781134983292
=003  FlBoTFG
=005  20180331102445.0
=006  m\\\\\o\\d\\\\\\\\
=007  cr\\\\\\\\\\\\
=008  130331s2000\\\\enkab\\\ob\\\\001\0\eng\d
=020  \\$a9781134983292$q(e-book: PDF)
=020  \\$z9780203761083$q(e-book : PDF)
=020  \\$z9781138160835$q(hardback)
=020  \\$z9780748754427$q(paperback)
=020  \\$z9781134983360$q(e-book: ePub)
=020  \\$z9781134983438$q(e-book: Mobi)
=020  \\$a9780203761083 (e-book)
=020  \\$a9781134983438 (e-book: Mobi)
=020  \\$a9781134983360 (e-book: ePub)
=020  \\$a9781138160835 (hardback)
=020  \\$a9780748754427 (paperback)
=024  7\$a10.4324/9780203761083 $2doi
=035  \\$a(OCoLC)844923015
=040  \\$aFlBoTFG$cFlBoTFG$erda$beng
=050  \4$aGC11.2$b.K47 2000
=082  04$a551.46$bK417
=100  1\$aKershaw, Steve.,$eauthor.
=245  10$aOceanography :$ban earth science perspective /$cSteve Kershaw with contributions from Andy Cundy.
=264  \1$aCheltenham [England] :$bStanley Thornes,$c©2000.
=300  \\$a1 online resource (xii, 276 pages) :$billustrations, text file, PDF
=336  \\$atext$2rdacontent
=337  \\$acomputer$2rdamedia
=338  \\$aonline resource$2rdacarrier
=504  \\$aIncludes bibliographical references (p. [253]-265) and index.
=505  0\$apt. A. The essentials of modern oceanography -- pt. B. Evolution of the oceans in geological time -- pt. C. Human impacts on the ocean systems.
=530  \\$aAlso available in print format.
=650  \0$aOceanography.
=655  \7$aElectronic books.$2lcsh
=700  1\$aCundy, Andy.
=776  08$iPrint version: $z9781138160835(Hardback)
=793  0\$aTaylor & Francis online monographs (UCSD)
=856 40$zTaylor & Francis. Restricted to UCSD IP addresses.$uhttps://www.taylorfrancis.com/books/9781134983292

