=LDR  02634cam a2200469Ii 4500
=001  TF9781351762090
=003  FlBoTFG
=005  20180331102445.0
=006  m\\\\\o\\d\\\\\\\\
=007  cr\\\\\\\\\\\\
=008  180331s2018\\\\enk\\\\\o\\\\\001\0\eng\d
=020  \\$a9781351762090$q(e-book: PDF)
=020  \\$z9781315194783$q(e-book)
=020  \\$z9781351762076$q(e-book: Mobi)
=020  \\$z9781138720978$q(hardback)
=020  \\$a9781315194783 (e-book)
=020  \\$a9781351762076 (e-book: Mobi)
=020  \\$a9781138720978 (hardback)
=024  7\$a10.4324/9781315194783 $2doi
=035  \\$a(OCoLC)993977519
=040  \\$aFlBoTFG$beng$erda$cFlBoTFG
=050  \4$aPN1995.9.D6$bZ56 2018
=082  04$a070.18$bZ728
=100  1\$aZimmerman, Patricia R.,$eauthor.
=245  10$aOpen Space New Media Documentary :$bA Toolkit for Theory and Practice /$cPatricia R. Zimmermann and Helen De Michiel.
=250  \\$aFirst edition.
=264  \1$aLondon :$bTaylor and Francis,$c©2018.
=300  \\$a1 online resource :$btext file, PDF
=336  \\$atext$2rdacontent
=337  \\$acomputer$2rdamedia
=338  \\$aonline resource$2rdacarrier
=490  0\$aRoutledge Studies in Media Theory and Practice
=500  \\$aIncludes index.
=505  0\$achapter 1 Why Open Space? -- chapter 2 Small Places -- chapter 3 Designing Encounters -- chapter 4 Polyphonic Collaborations -- chapter 5 Inviting Spaces -- chapter 6 Working Principles.
=520  \\$a"Open Space New Media Documentary examines an emerging and significant area of documentary practice in the twenty-first century: community-based new media documentary projects that move across platforms and utilize participatory modalities. The book offers an innovative theorization of these collaborative and collective new media practices, which the authors term "open space," gesturing towards a more contextual critical nexus of technology, form, histories, community, convenings, collaborations, and mobilities. It looks at a variety of low cost, sustainable and scalable documentary projects from across the globe, where new technologies meet places and people in Argentina, Canada, India, Indonesia, Peru, South Africa, Ukraine, and the USA. "--Provided by publisher.
=530  \\$aAlso available in print format.
=650  \0$aDocumentary films.
=650  \0$aPerforming arts.
=655  \7$aElectronic books.$2lcsh
=700  1\$aDe Michiel, Helen,$eauthor.
=776  08$iPrint version: $z9781138720978$q(Hardback)
=793  0\$aTaylor & Francis online monographs (UCSD)
=856 40$zTaylor & Francis. Restricted to UCSD IP addresses.$uhttps://www.taylorfrancis.com/books/9781351762090

