=LDR  02058cam a2200517Ii 4500
=001  TF9781315530338
=003  FlBoTFG
=005  20180330125217.0
=006  m\\\\\o\\d\\\\\\\\
=007  cr\\\\\\\\\\\\
=008  180331s2016\\\\nyuabd\\ob\\\\001\0\eng\d
=020  \\$a9781315530321 (e-book: PDF)$q(e-book : PDF)
=020  \\$z9781315530321$q(e-book: PDF)
=020  \\$z9781315530314$q(e-book: ePub)
=020  \\$z9781315530307$q(e-book: Mobi)
=020  \\$z9781629580005$q(hardback)
=020  \\$z9781629580012$q(paperback)
=020  \\$a9781315530338 (e-book)
=020  \\$a9781315530307 (e-book: Mobi)
=020  \\$a9781315530314 (e-book: ePub)
=020  \\$a9781629580005 (hardback)
=020  \\$a9781629580012 (paperback)
=024  7\$a10.4324/9781315530338 $2doi
=035  \\$a(OCoLC)958106706
=040  \\$aFlBoTFG$cFlBoTFG$erda$beng
=050  \4$aQC981.8.C5$bA63 2016
=082  04$a304.25$bA628
=245  00$aAnthropology and climate change :$bfrom actions to transformations /$cedited by Susan A. Crate and Mark Nuttall.
=250  \\$aSecond edition.
=264  \1$aNew York :$bRoutledge,$c©2016.
=300  \\$a1 online resource (450 pages) :$billustrations, text file, PDF
=336  \\$atext$btxt$2rdacontent
=337  \\$acomputer$bc$2rdamedia
=338  \\$aonline resource$bcr$2rdacarrier
=504  \\$aIncludes bibliographical references and index.
=505  0\$apt. 1. Building foundations of anthropology and climate change -- pt. 2. Assessing encounters old and new -- pt. 3. Refining anthropological actions.
=530  \\$aAlso available in print format.
=650  \0$aAnthropology.
=650  \0$aClimatic changes$xSocial aspects.
=650  \0$aClimatic changes.
=650  \0$aEthnology.
=655  \7$aElectronic books.$2lcsh
=700  1\$aCrate, Susan Alexandra.
=700  1\$aNuttall, Mark.
=776  08$iPrint version: $z9781629580005(Hardback)$w 2015036535
=793  0\$aTaylor & Francis online monographs (UCSD)
=856 40$zTaylor & Francis. Restricted to UCSD IP addresses.$uhttps://www.taylorfrancis.com/books/9781315530321

