=LDR  02450cam a2200553Ii 4500
=001  TF9781315750125
=003  FlBoTFG
=005  20180331111825.0
=006  m\\\\\o\\d\\\\\\\\
=007  cr\\\\\\\\\\\\
=008  180331s2017\\\\enk\\\\\ob\\\\001\0deng\d
=020  \\$a9781317611219 (e-book: PDF)$q(e-book : PDF)
=020  \\$z9781317611219$q(e-book: PDF)
=020  \\$z9781317611202$q(e-book: ePub)
=020  \\$z9781317611196$q(e-book: Mobi)
=020  \\$z9781138809277$q(hardback)
=020  \\$z9781138588066$q(paperback)
=020  \\$a9781315750125 (e-book)
=020  \\$a9781317611196 (e-book: Mobi)
=020  \\$a9781317611202 (e-book: ePub)
=020  \\$a9781138809277 (hardback)
=020  \\$a9781138588066 (paperback)
=024  7\$a10.4324/9781315750125 $2doi
=035  \\$a(OCoLC)957465140
=040  \\$aFlBoTFG$cFlBoTFG$erda$beng
=043  \\$aa-cc---
=050  \4$aJQ1510$b.K68 2017
=082  04$a320.95109033$bK885
=100  1\$aKow, Simon,$d1974-,$eauthor.
=245  10$aChina in early enlightenment political thought /$cSimon Kow.
=264  \1$aAbingdon, Oxon ;$aNew York, N.Y. :$bRoutledge,$c©2017.
=300  \\$a1 online resource (vii, 214 pages) :$btext file, PDF
=336  \\$atext$2rdacontent
=337  \\$acomputer$2rdamedia
=338  \\$aonline resource$2rdacarrier
=490  1\$aRoutledge studies in social and political thought ;$v116
=504  \\$aIncludes bibliographical references and index.
=505  0\$a1. Introduction -- 2. The Jesuits : a swinging door -- 3. Pierre Bayle : a tolerant, atheistic monarchy -- 4. Gottfried Wilhelm Leibniz : natural theology and universal justice -- 5. Montesquieu and Chinese despotism.
=530  \\$aAlso available in print format.
=600  10$aBayle, Pierre,$d1647-1706$xKnowledge$xChina.
=600  10$aLeibniz, Gottfried Wilhelm,$cFreiherr von,$d1646-1716$xKnowledge$xChina.
=600  10$aMontesquieu, Charles de Secondat,$cbaron de,$d1689-1755$xKnowledge$xChina.
=650  \0$aEnlightenment.
=650  \0$aPolitical science$xHistory$y18th century.
=651  \0$aChina$xPolitics and government$y18th century.
=655  \7$aElectronic books.$2lcsh
=776  08$iPrint version: $z9781138809277$q(Hardback)$w(DLC) 2016008784
=793  0\$aTaylor & Francis online monographs (UCSD)
=830  \0$aRoutledge studies in social and political thought ;$v116.
=856 40$zTaylor & Francis. Restricted to UCSD IP addresses.$uhttps://www.taylorfrancis.com/books/9781317611219

