=LDR  02000cam a2200469Ii 4500
=001  TF9781315746210
=003  FlBoTFG
=005  20180331111825.0
=006  m\\\\\o\\d\\\\\\\\
=007  cr\\\\\\\\\\\\
=008  180331s2017\\\\nyua\\\\ob\\\\001\0\eng\d
=020  \\$a9781317597667 (e-book: PDF)$q(e-book : PDF)
=020  \\$z9781317597667$q(e-book: PDF)
=020  \\$z9781317597643$q(e-book: Mobi)
=020  \\$z9781138816275$q(hardback)
=020  \\$z9781138816282$q(paperback)
=020  \\$a9781315746210 (e-book)
=020  \\$a9781317597643 (e-book: Mobi)
=020  \\$a9781138816275 (hardback)
=020  \\$a9781138816282 (paperback)
=024  7\$a10.4324/9781315746210 $2doi
=035  \\$a(OCoLC)960895288
=040  \\$aFlBoTFG$cFlBoTFG$erda$beng
=050  \4$aP138.5$b.G75 2017
=082  04$a410.18802855362$bG848
=100  1\$aGries, Stefan Thomas,$d1970-,$eauthor.
=245  10$aQuantitative corpus linguistics with R :$ba practical introduction /$cStefan Th. Gries.
=250  \\$aSecond edition.
=264  \1$aNew York ;$aLondon :$bRoutledge,$c©2017.
=300  \\$a1 online resource (ix, 274 pages) :$billustrations, text file, PDF
=336  \\$atext$2rdacontent
=337  \\$acomputer$2rdamedia
=338  \\$aonline resource$2rdacarrier
=504  \\$aIncludes bibliographical references and index.
=505  0\$a1. Introduction -- 2. The four central corpus-linguistic methods -- 3. An introduction to R -- 4. Some basic statistical notions and tests -- 5. Using R in corpus linguistics : case studies -- 6. Next steps ...
=530  \\$aAlso available in print format.
=650  \0$aComputational linguistics.
=650  \0$aLinguistics$xStatistical methods.
=650  \0$aR (Computer program language)
=655  \7$aElectronic books.$2lcsh
=776  08$iPrint version: $z9781138816275$q(Hardback)$w(DLC) 2016017842
=793  0\$aTaylor & Francis online monographs (UCSD)
=856 40$zTaylor & Francis. Restricted to UCSD IP addresses.$uhttps://www.taylorfrancis.com/books/9781317597667

