=LDR  02192cam a2200457Ii 4500
=001  TF9781315768298
=003  FlBoTFG
=005  20180331111825.0
=006  m\\\\\o\\d\\\\\\\\
=007  cr\\\\\\\\\\\\
=008  180331s2016\\\\enk\\\\\ob\\\\001\0\eng\d
=020  \\$a9781317666011 (e-book: PDF)$q(e-book : PDF)
=020  \\$z9781317666011$q(e-book: PDF)
=020  \\$z9781317666004$q(e-book: ePub)
=020  \\$z9781317665991$q(e-book: Mobi)
=020  \\$z9781138784307$q(hardback)
=020  \\$z9781138784314$q(paperback)
=020  \\$a9781315768298 (e-book)
=020  \\$a9781317665991 (e-book: Mobi)
=020  \\$a9781317666004 (e-book: ePub)
=020  \\$a9781138784307 (hardback)
=020  \\$a9781138784314 (paperback)
=024  7\$a10.4324/9781315768298 $2doi
=035  \\$a(OCoLC)927103802
=040  \\$aFlBoTFG$cFlBoTFG$erda$beng
=050  \4$aRT41$b.B293 2016
=082  04$a610.73$bB322
=100  1\$aBassot, Barbara.,$eauthor.
=245  14$aThe reflective practice guide :$ban interdisciplinary approach to critical reflection /$cBarbara Bassot.
=264  \1$aAbingdon, Oxon ;$aNew York, N.Y. :$bRoutledge,$c©2016.
=300  \\$a1 online resource (xiii, 151 pages) :$btext file, PDF
=336  \\$atext$2rdacontent
=337  \\$acomputer$2rdamedia
=338  \\$aonline resource$2rdacarrier
=504  \\$aIncludes bibliographical references and index.
=505  0\$a1. What is reflective practice? -- 2. Becoming more self-aware -- 3. The role of writing in reflection -- 4. Experiential learning -- 5. Learning from positives and negatives : critical incidents -- 6. Engaging with emotions -- 7. Bringing assumptions to the surface -- 8. The role of feedback in professional development -- 9. Reflecting in groups -- 10. Managing change -- 11. Critically reflective practice as a ay of being -- 12. Review and looking forward.
=530  \\$aAlso available in print format.
=650  \0$aNursing.
=655  \7$aElectronic books.$2lcsh
=776  08$iPrint version: $z9781138784307$q(Hardback)$w(DLC) 2015017531
=793  0\$aTaylor & Francis online monographs (UCSD)
=856 40$zTaylor & Francis. Restricted to UCSD IP addresses.$uhttps://www.taylorfrancis.com/books/9781317666011

