=LDR  02321cam a2200541Ii 4500
=001  TF9781315617398
=003  FlBoTFG
=005  20180331111825.0
=006  m\\\\\o\\d\\\\\\\\
=007  cr\\\\\\\\\\\\
=008  180331s2016\\\\enkad\\\ob\\\\001\0\eng\d
=020  \\$a9781317207825 (e-book: PDF)$q(e-book : PDF)
=020  \\$z9781317207825$q(e-book: PDF)
=020  \\$z9781317207818$q(e-book: ePub)
=020  \\$z9781317207801$q(e-book: Mobi)
=020  \\$z9781138962439$q(hardback)
=020  \\$z9780815350811$q(paperback)
=020  \\$a9781315617398 (e-book)
=020  \\$a9781317207801 (e-book: Mobi)
=020  \\$a9781317207818 (e-book: ePub)
=020  \\$a9781138962439 (hardback)
=020  \\$a9780815350811 (paperback)
=024  7\$a10.4324/9781315617398 $2doi
=035  \\$a(OCoLC)950739135
=040  \\$aFlBoTFG$cFlBoTFG$erda$beng
=043  \\$aa------
=050  \4$aHF3752.3$b.T728 2016
=082  04$a330.95$bT763
=245  00$aTrade, investment and economic development in Asia :$bempirical and policy issues /$cedited by Debashis Chakraborty and Jaydeep Mukherjee.
=250  \\$aFirst edition.
=264  \1$aLondon ;$aNew York :$bRoutledge,$c©2016.
=300  \\$a1 online resource (xxviii, 387 pages) :$billustrations, text file, PDF
=336  \\$atext$2rdacontent
=337  \\$acomputer$2rdamedia
=338  \\$aonline resource$2rdacarrier
=490  1\$aRoutledge studies in development economics ;$v124
=504  \\$aIncludes bibliographical references and index.
=505  0\$apt. 1. Trade : empirical and policy issues -- pt. 2. Foreign capital flows : impact on trade and welfare -- pt. 3. Trade-fiscal policy interface and environmental implications -- pt. 4. Institutions, international trade and policy issues.
=530  \\$aAlso available in print format.
=650  \0$aEconomic development$zAsia.
=650  \0$aInvestments$zAsia.
=651  \0$aAsia$xCommerce.
=655  \7$aElectronic books.$2lcsh
=700  1\$aChakraborty, Debashis.
=700  1\$aMukherjee, Jaydeep$c(Economist)
=776  08$iPrint version: $z9781138962439(Hardback)$w 2015047611
=793  0\$aTaylor & Francis online monographs (UCSD)
=830  \0$aRoutledge studies in development economics ;$v124.
=856 40$zTaylor & Francis. Restricted to UCSD IP addresses.$uhttps://www.taylorfrancis.com/books/9781317207825

