=LDR  02589cam a2200517Ii 4500
=001  TF9781315225593
=003  FlBoTFG
=005  20180330125217.0
=006  m\\\\\o\\d\\\\\\\\
=007  cr\\\\\\\\\\\\
=008  180331s2017\\\\enk\\\\\ob\\\\001\0\eng\d
=020  \\$a9781351847360 (e-book: PDF)$q(e-book : PDF)
=020  \\$z9781351847360$q(e-book: PDF)
=020  \\$z9781351847346$q(e-book: Mobi)
=020  \\$z9780415788120$q(hardback)
=020  \\$z9780415788137$q(paperback)
=020  \\$a9781315225593 (e-book)
=020  \\$a9781351847346 (e-book: Mobi)
=020  \\$a9780415788120 (hardback)
=020  \\$a9780415788137 (paperback)
=024  7\$a10.4324/9781315225593 $2doi
=035  \\$a(OCoLC)974711220
=040  \\$aFlBoTFG$cFlBoTFG$erda$beng
=050  \4$aPE2751$b.P46 2017
=082  04$a306.44221$bP416
=100  1\$aPennycook, Alastair,$d1957-,$eauthor.
=245  14$aThe cultural politics of English as an international language /$cAlastair Pennycook.
=264  \1$aLondon ;$aNew York :$bRoutledge,$c©2017.
=300  \\$a1 online resource (xxiii, 365 pages) :$btext file, PDF
=336  \\$atext$btxt$2rdacontent
=337  \\$acomputer$bc$2rdamedia
=338  \\$aonline resource$bcr$2rdacarrier
=490  1\$aRoutledge linguistics classics
=500  \\$a"Previously published as part of the Language in Social Life Series, edited by Professor Christopher N. Candlin."
=504  \\$aIncludes bibliographical references and index.
=505  0\$a1. The world in English -- 2. Discourse and dependency in a shifting world -- 3. English and colonialism : origins of a discourse -- 4. Spreading the word/disciplining the language -- 5. ELT from development aid to global commodity -- 6. The worldliness of English in Malaysia -- 7. The worldliness of English in Singapore -- 8. Writing back : the appropriation of English -- 9. Towards a critical pedagogy for teaching English as a worldly language.
=530  \\$aAlso available in print edition.
=650  \0$aCommunication, International.
=650  \0$aEnglish language$xPolitical aspects$zEnglish-speaking countries.
=650  \0$aEnglish language$xPolitical aspects$zForeign countries.
=650  \0$aIntercultural communications.
=650  \0$aLanguage and culture$zEnglish-speaking countries.
=655  \7$aElectronic books.$2lcsh
=776  08$iPrint version: $z9780415788120(Hardback)$w 2016056423
=793  0\$aTaylor & Francis online monographs (UCSD)
=830  \0$aRoutledge linguistics classics.
=856 40$zTaylor & Francis. Restricted to UCSD IP addresses.$uhttps://www.taylorfrancis.com/books/9781351847360

