=LDR  02598cam a2200601Ii 4500
=001  TF9781315561370
=003  FlBoTFG
=005  20180331102445.0
=006  m\\\\\o\\d\\\\\\\\
=007  cr\\\\\\\\\\\\
=008  180331s2017\\\\nyu\\\\\ob\\\\001\0\eng\d
=020  \\$a9781317201168 (e-book: PDF)$q(e-book : PDF)
=020  \\$z9781317201168$q(e-book: PDF)
=020  \\$z9781317201151$q(e-book: ePub)
=020  \\$z9781317201144$q(e-book: Mobi)
=020  \\$z9781138674288$q(hardback)
=020  \\$z9781138674295$q(paperback)
=020  \\$a9781315561370 (e-book)
=020  \\$a9781317201144 (e-book: Mobi)
=020  \\$a9781317201151 (e-book: ePub)
=020  \\$a9781138674288 (hardback)
=020  \\$a9781138674295 (paperback)
=024  7\$a10.4324/9781315561370 $2doi
=035  \\$a(OCoLC)953792407
=040  \\$aFlBoTFG$cFlBoTFG$erda$beng
=050  \4$aJZ1318$b.S74 2017
=082  04$a303.48209$bS799
=100  1\$aStearns, Peter N.,$eauthor.
=245  10$aGlobalization in world history /$cPeter N. Stearns.
=250  \\$aSecond edition.
=264  \1$aNew York, N.Y. :$bRoutledge,$c©2017.
=300  \\$a1 online resource :$btext file, PDF
=336  \\$atext$2rdacontent
=337  \\$acomputer$2rdamedia
=338  \\$aonline resource$2rdacarrier
=490  1\$aThemes in world history
=504  \\$aIncludes bibliographical references and index.
=505  0\$a1. Globalization and the challenge to historical analysis -- 2. Emerging patterns of contact, 1200 BCE-1000 CE : a preparatory phase -- 3. 1000 CE as turning point : the birth of globalization? -- 4. 1500 as turning point : the birth of globalization? -- 5. The 1850s as turning point : the birth of globalization? -- 6. Globalization since the 1940s : a new global history? -- 7. Conclusion : The historical perspective.
=530  \\$aAlso available in print format.
=538  \\$aMode of access: World Wide Web.
=650  \0$aCulture diffusion$xHistory.
=650  \0$aDiseases and history.
=650  \0$aEconomic history.
=650  \0$aGlobalization$xHistory.
=650  \0$aHuman beings$xMigrations$xHistory.
=650  \0$aIntercultural communication$xHistory.
=650  \0$aInternational economic relations$xHistory.
=650  \0$aInternational relations$xHistory.
=650  \0$aWorld history.
=655  \7$aElectronic books.$2lcsh
=776  08$iPrint version: $z9781138674288(Hardback)$w 2015048767
=793  0\$aTaylor & Francis online monographs (UCSD)
=830  \0$aThemes in world history.
=856 40$zTaylor & Francis. Restricted to UCSD IP addresses.$uhttps://www.taylorfrancis.com/books/9781317201168

