=LDR  03507cam a2200469Ii 4500
=001  TF9781315613123
=003  FlBoTFG
=005  20180331102445.0
=006  m\\\\\o\\d\\\\\\\\
=007  cr\\\\\\\\\\\\
=008  180331s2017\\\\enkah\\\ob\\\\001\0\eng\d
=020  \\$a9781317042976 (e-book: PDF)$q(e-book : PDF)
=020  \\$z9781317042976$q(e-book: PDF)
=020  \\$z9781317042952$q(e-book: Mobi)
=020  \\$z9781472441003$q(hardback)
=020  \\$a9781315613123 (e-book)
=020  \\$a9781317042952 (e-book: Mobi)
=020  \\$a9781472441003 (hardback)
=024  7\$a10.4324/9781315613123 $2doi
=035  \\$a(OCoLC)973222738
=040  \\$aFlBoTFG$cFlBoTFG$erda$beng
=043  \\$an-us---
=050  \4$aKF240$b.R68 2017
=082  04$a349.7309034$bR869
=245  04$aThe Routledge research companion to law and humanities in nineteenth-century America /$cedited by Nan Goodman and Simon Stern.
=264  \1$aLondon ;$aNew York :$bRoutledge,$c©2017.
=300  \\$a1 online resource (x, 200  pages) :$billustrations, text file, PDF
=336  \\$atext$2rdacontent
=337  \\$acomputer$2rdamedia
=338  \\$aonline resource$2rdacarrier
=504  \\$aIncludes bibliographical references and index.
=505  0\$aWomen : politics, culture, and the law / Joyce W. Warren -- The very idea of a slave is a human being in bondage? / Jeannine Marie Delombard -- The corporation and the transformation of American culture / Aaron Ritzenberg -- Deviance in nineteenth-century American law and culture / Tal Kastner -- Comparative racialization and American Indian identity in nineteenth-century America / Cheryl Suzack -- The legal person : tracing the history of a forensic fiction / Susanna L. Blumenthal -- Law in nineteenth-century American periodicals / Michael H. Hoeflich -- Spectacular judgments : law and disorder in the nineteenth-century visual imagination / Jon Blandford -- Legal language : expansion, consolidation, resistance / Robert l. Tsai -- The impersonation of justice : lynching, dueling, and  wildcat strikes in nineteenth century America  / Norman W. Spaulding -- The Somers mutiny and the American ship of state / Robert A. Ferguson -- The emergence of a right to privacy / Milette Shamir -- The science of identity / Simon A. Cole -- The American prison, 1786-1860 / John Cyril Barton -- How meetings won the west / Andrea McDowell -- A gatekeeping nation : Asian invasion and the rise of xenophobic immigration law / Edlie Wong --  Mark twain's puddenhead Wilson / Trinyan Mariano -- Civic capacity and participatory citizenship in the nineteenth century United States / Yvonne Pitts -- Vital tissues of the spirit? : constitutional emotions in the antebellum United States / Doni Gewirtzman -- Beyond belief : religion, law, and popular culture in the  forgotten century? / Deborah Whitehead -- Gothic stories, mens rea, and the American criminal law / Laura I. Appleman.
=530  \\$aAlso available in print edition.
=538  \\$aMode of access: World Wide Web.
=650  \0$aCulture and law$zUnited States$xHistory.
=650  \0$aHumanities$xResearch$zUnited States$xHistory.
=650  \0$aLegal research$zUnited States$xHistory.
=655  \7$aElectronic books.$2lcsh
=700  1\$aGoodman, Nan,$d1957-
=700  1\$aStern, Simon,$d1971-
=776  08$iPrint version: $z9781472441003(Hardback)$w 2016047496
=793  0\$aTaylor & Francis online monographs (UCSD)
=856 40$zTaylor & Francis. Restricted to UCSD IP addresses.$uhttps://www.taylorfrancis.com/books/9781317042976

