=LDR  02178cam a2200529Ii 4500
=001  TF9781315676067
=003  FlBoTFG
=005  20180331111825.0
=006  m\\\\\o\\d\\\\\\\\
=007  cr\\\\\\\\\\\\
=008  180331s2016\\\\enka\\\\ob\\\\001\0\eng\d
=020  \\$a9781317384052 (e-book: PDF)$q(e-book : PDF)
=020  \\$z9781317384052$q(e-book: PDF)
=020  \\$z9781317384045$q(e-book: ePub)
=020  \\$z9781317384038$q(e-book: Mobi)
=020  \\$z9781138937888$q(hardback)
=020  \\$z9781138937895$q(paperback)
=020  \\$a9781315676067 (e-book)
=020  \\$a9781317384038 (e-book: Mobi)
=020  \\$a9781317384045 (e-book: ePub)
=020  \\$a9781138937888 (hardback)
=020  \\$a9781138937895 (paperback)
=024  7\$a10.4324/9781315676067 $2doi
=035  \\$a(OCoLC)951623988
=040  \\$aFlBoTFG$cFlBoTFG$erda$beng
=050  \4$aHQ767.85$b.P73 2016
=082  04$a305.23072$bP895
=245  00$aPractical research with children /$cedited by Jess Prior and Jo Van Herwegen.
=250  \\$aFirst edition.
=264  \1$aLondon ;$aNew York :$bRoutledge,$c©2016.
=300  \\$a1 online resource (xxvi, 308 pages) :$billustrations, text file, PDF
=336  \\$atext$2rdacontent
=337  \\$acomputer$2rdamedia
=338  \\$aonline resource$2rdacarrier
=490  1\$aResearch methods in developmental psychology
=504  \\$aIncludes bibliographical references and index.
=505  0\$apt. 1. Quantitative methods in research with children -- pt. 2. Qualitative methods in research with children -- pt. 3. Mixed methods designs in research with children.
=530  \\$aAlso available in print format.
=650  \0$aChild development$xResearch.
=650  \0$aChildren$xResearch$xMethodology.
=650  \0$aChildren$xResearch$xMoral and ethical aspects.
=655  \7$aElectronic books.$2lcsh
=700  1\$aPrior, Jess.
=700  1\$aVan Herwegen, Jo.
=776  08$iPrint version: $z9781138937888(Hardback)$w 2015042878
=793  0\$aTaylor & Francis online monographs (UCSD)
=830  \0$aResearch methods in developmental psychology.
=856 40$zTaylor & Francis. Restricted to UCSD IP addresses.$uhttps://www.taylorfrancis.com/books/9781317384052

