=LDR  02144cam a2200493Ii 4500
=001  TF9781315775302
=003  FlBoTFG
=005  20180331111825.0
=006  m\\\\\o\\d\\\\\\\\
=007  cr\\\\\\\\\\\\
=008  180331s2016\\\\enkab\\\ob\\\\001\0\eng\d
=020  \\$a9781317687047 (e-book: PDF)$q(e-book : PDF)
=020  \\$z9781317687047$q(e-book: PDF)
=020  \\$z9781317687030$q(e-book: ePub)
=020  \\$z9781317687023$q(e-book: Mobi)
=020  \\$z9781138025080$q(hardback)
=020  \\$z9781138588974$q(paperback)
=020  \\$a9781315775302 (e-book)
=020  \\$a9781317687023 (e-book: Mobi)
=020  \\$a9781317687030 (e-book: ePub)
=020  \\$a9781138025080 (hardback)
=020  \\$a9781138588974 (paperback)
=024  7\$a10.4324/9781315775302 $2doi
=035  \\$a(OCoLC)958097252
=040  \\$aFlBoTFG$cFlBoTFG$erda$beng
=050  \4$aQH75$b.R75 2016
=082  04$a333.72$bR869
=245  00$aRoutledge handbook of ecosystem services /$cedited by Marion Potschin .. [et al.].
=246  30$aHandbook of ecosystem services
=264  \1$aLondon ;$aNew York :$bRoutledge,$c©2016.
=300  \\$a1 online resource (xxvii, 629 pages) :$billustrations, text file, PDF
=336  \\$atext$2rdacontent
=337  \\$acomputer$2rdamedia
=338  \\$aonline resource$2rdacarrier
=490  1\$aRoutledge handbooks
=504  \\$aIncludes bibliographical references and index.
=505  0\$apt. 1. Ecosystem services concepts and frameworks, introduction -- 2. Ecosystem services : methods and techniques for decision support, introduction -- pt. 3. Ecosystem services in an applied context, introduction -- pt. 4. Ecosystem services : linking and informing agendas, introduction -- pt. 5. Conclusion.
=530  \\$aAlso available in print format.
=650  \0$aEcosystem management.
=655  \7$aElectronic books.$2lcsh
=700  1\$aPotschin, Marion.
=776  08$iPrint version: $z9781138025080$q(Hardback)$w(DLC) 2015023809
=793  0\$aTaylor & Francis online monographs (UCSD)
=830  \0$aRoutledge handbooks.
=856 40$zTaylor & Francis. Restricted to UCSD IP addresses.$uhttps://www.taylorfrancis.com/books/9781317687047

