=LDR  02141cam a2200529Ii 4500
=001  TF9781315850986
=003  FlBoTFG
=005  20180331111825.0
=006  m\\\\\o\\d\\\\\\\\
=007  cr\\\\\\\\\\\\
=008  180331s2016\\\\enk\\\\\ob\\\\001\0\eng\d
=020  \\$a9781317914334 (e-book: PDF)$q(e-book : PDF)
=020  \\$z9781317914334$q(e-book: PDF)
=020  \\$z9781317914327$q(e-book: ePub)
=020  \\$z9781317914310$q(e-book: Mobi)
=020  \\$z9780415729352$q(hardback)
=020  \\$z9780815347569$q(paperback)
=020  \\$a9781315850986 (e-book)
=020  \\$a9781317914310 (e-book: Mobi)
=020  \\$a9781317914327 (e-book: ePub)
=020  \\$a9780415729352 (hardback)
=020  \\$a9780815347569 (paperback)
=024  7\$a10.4324/9781315850986 $2doi
=035  \\$a(OCoLC)923734389
=040  \\$aFlBoTFG$cFlBoTFG$erda$beng
=050  \4$aHV8290$b.R68 2016
=082  04$a363.289$bR869
=245  00$aRoutledge handbook of private security studies /$cedited by Rita Abrahamsen and Anna Leander.
=246  30$aHandbook of private security studies
=264  \1$aLondon ;$aNew York :$bRoutledge,$c©2016.
=300  \\$a1 online resource (xvi, 280 pages) :$btext file, PDF
=336  \\$atext$2rdacontent
=337  \\$acomputer$2rdamedia
=338  \\$aonline resource$2rdacarrier
=490  1\$aRoutledge handbooks
=504  \\$aIncludes bibliographical references and index.
=505  0\$apt. 1. Historical perspectives on private security -- pt. 2. The place of the private in contemporary security -- pt. 3. Debates about private security -- pt. 4. The regulation of private security.
=530  \\$aAlso available in print format.
=650  \0$aContracting out.
=650  \0$aPrivate security services.
=650  \0$aPrivatization.
=655  \7$aElectronic books.$2lcsh
=700  1\$aAbrahamsen, Rita,$d1966-
=700  1\$aLeander, Anna.
=776  08$iPrint version: $z9780415729352$q(Hardback)$w(DLC) 2015018623
=793  0\$aTaylor & Francis online monographs (UCSD)
=830  \0$aRoutledge handbooks.
=856 40$zTaylor & Francis. Restricted to UCSD IP addresses.$uhttps://www.taylorfrancis.com/books/9781317914334

