=LDR  02433cam a2200469Ii 4500
=001  TF9780203869178
=003  FlBoTFG
=005  20180331102445.0
=006  m\\\\\o\\d\\\\\\\\
=007  cr\\\\\\\\\\\\
=008  130331s2010\\\\enk\\\\\ob\\\\001\0\eng\d
=020  \\$a9780203869178 (e-book : PDF)
=020  \\$a9780415556712 (paperback)
=020  \\$a9780415556729 (hardback)
=020  \\$a9781135267650 (e-book: Mobi)
=020  \\$a9781135267698 (e-book: ePub)
=020  \\$a9781135267704 (e-book: PDF)
=024  7\$a10.4324/9780203869178 $2doi
=035  \\$a(OCoLC)650088859
=040  \\$aFlBoTFG$cFlBoTFG$erda
=043  \\$ae-uk---
=090  \\$aKD1269$b.C65 2010
=092  \\$a346.41048$bC723
=100  1\$aColston, Catherine.,$eauthor.
=245  10$aModern intellectual property law /$cCatherine Colston, Jonathan Galloway.
=250  \\$aThird edition.
=264  \1$aAbingdon, Oxon [U.K.] ;$aNew York :$bRoutledge,$c2010.
=300  \\$a1 online resource (lix, 831 pages) :$btext file, PDF
=336  \\$atext$2rdacontent
=337  \\$acomputer$2rdamedia
=338  \\$aonline resource$2rdacarrier
=504  \\$aIncludes bibliographical references and index.
=505  0\$a1. Introduction -- 2. Justification -- 3. The patent -- 4. Patentable subject matter -- 5. Patentable inventions -- 6. Infringement, validity and revocation -- 7. Breach of confidence -- 8. Copyright principles, copyright works and related rights -- 9. The subsistence and substance of copyright and related rights -- 10. Infringement of copyright and defences -- 11. Employing copyright : permitted copyright uses, dealings in works and competition -- 12. Moral rights -- 13. Design rights -- 14. Passing off -- 15. Registered trade marks -- 16. Trade mark infringement and challenges to trade marks -- 17. Property and dealings in marks and domain name disputes -- 18 Image protection -- 19. Enforcement.
=506  \\$aLicense restrictions may limit access.
=506  \\$aSubscription required for access to full text.
=530  \\$aAlso available in print format.
=650  \0$aIntellectual property$zGreat Britain.
=650  \0$aIntellectual property.
=655  \7$aElectronic books.$2lcsh
=700  1\$aGalloway, Jonathan.
=776  08$iPrint version: $z9780415556729$q(Hardback)
=793  0\$aTaylor & Francis online monographs (UCSD)
=856 40$zTaylor & Francis. Restricted to UCSD IP addresses.$uhttps://www.taylorfrancis.com/books/9781135267704

