=LDR  01950cam a2200481Ii 4500
=001  TF9781315642253
=003  FlBoTFG
=005  20180331111825.0
=006  m\\\\\o\\d\\\\\\\\
=007  cr\\\\\\\\\\\\
=008  180331s2017\\\\enk\\\\\ob\\\\001\0deng\d
=020  \\$a9781317282464 (e-book: PDF)$q(e-book : PDF)
=020  \\$z9781317282464$q(e-book: PDF)
=020  \\$z9781317282440$q(e-book: Mobi)
=020  \\$z9781138188532$q(hardback)
=020  \\$z9781138188525$q(paperback)
=020  \\$a9781315642253 (e-book)
=020  \\$a9781317282440 (e-book: Mobi)
=020  \\$a9781138188532 (hardback)
=020  \\$a9781138188525 (paperback)
=024  7\$a10.4324/9781315642253 $2doi
=035  \\$a(OCoLC)988763292
=040  \\$aFlBoTFG$cFlBoTFG$erda$beng
=043  \\$ae------
=050  \4$aBL51$b.R45 2017
=082  04$a210.94$bR382
=245  00$aReligion and European philosophy :$bkey thinkers from Kant to iek /$cedited by Phillip Goodchild and Hollis Phelps.
=250  \\$aFirst edition.
=264  \1$aLondon ;$aNew York :$bRoutledge,$c©2017.
=300  \\$a1 online resource (xii, 499 pages) :$btext file, PDF
=336  \\$atext$2rdacontent
=337  \\$acomputer$2rdamedia
=338  \\$aonline resource$2rdacarrier
=504  \\$aIncludes bibliographical references and index.
=505  0\$apt. 1. German idealism -- pt. 2. Critical theory -- pt. 3. Living experience -- pt. 4. Phenomenology and hermeneutics -- pt. 5. Structuralism, post-structuralism, and beyond.
=530  \\$aAlso available in print format.
=650  \0$aPhilosophers$zEurope.
=650  \0$aPhilosophy and religion$zEurope.
=655  \7$aElectronic books.$2lcsh
=700  1\$aGoodchild, Philip,$d1965-
=700  1\$aPhelps, Hollis.
=776  08$iPrint version: $z9781138188532(Hardback)$w 2016043166
=793  0\$aTaylor & Francis online monographs (UCSD)
=856 40$zTaylor & Francis. Restricted to UCSD IP addresses.$uhttps://www.taylorfrancis.com/books/9781317282464

