=LDR  01900cam a2200457Ii 4500
=001  TF9781315577081
=003  FlBoTFG
=005  20180331102445.0
=006  m\\\\\o\\d\\\\\\\\
=007  cr\\\\\\\\\\\\
=008  180331s2016\\\\enk\\\\\obd\\\000\0\eng\d
=020  \\$a9781317151098 (e-book: PDF)$q(e-book : PDF)
=020  \\$z9781317151098$q(e-book: PDF)
=020  \\$z9781317151081$q(e-book: ePub)
=020  \\$z9781317151074$q(e-book: Mobi)
=020  \\$z9781472478405$q(hardback)
=020  \\$a9781315577081 (e-book)
=020  \\$a9781317151074 (e-book: Mobi)
=020  \\$a9781317151081 (e-book: ePub)
=020  \\$a9781472478405 (hardback)
=024  7\$a10.4324/9781315577081 $2doi
=035  \\$a(OCoLC)954006816
=040  \\$aFlBoTFG$cFlBoTFG$erda$beng
=050  \4$aR141$b.D53 2016
=082  04$a610.902$bD554
=245  00$aDictionary of medical vocabulary in English, 1375-1550 :$bbody parts, sicknesses, instruments, and medicinal preparations /$ccompiled by Juhani Norri.
=264  \1$aLondon ;$aNew York :$bRoutledge,$c©2016.
=300  \\$a1 online resource :$btext file, PDF
=336  \\$atext$2rdacontent
=337  \\$acomputer$2rdamedia
=338  \\$aonline resource$2rdacarrier
=500  \\$aFirst published 2016 by Ashgate.
=504  \\$aIncludes bibliographical references (p. [1285]-1294).
=505  0\$achapter Introduction -- chapter I *PlatearPra 74v: Hyctericia [L: -- chapter L *Mondeville(b) 62rb: Lac virginis for.
=530  \\$aAlso available in print format.
=538  \\$aMode of access: World Wide Web.
=650  \0$aMedicine, Medieval$xTerminology$vDictionaries.
=655  \7$aElectronic books.$2lcsh
=700  1\$aNorri, Juhani.
=776  08$iPrint version: $z9781472478405(Hardback)$w 2015951327
=793  0\$aTaylor & Francis online monographs (UCSD)
=856 40$zTaylor & Francis. Restricted to UCSD IP addresses.$uhttps://www.taylorfrancis.com/books/9781317151098

