=LDR  04493cam a2200481Ii 4500
=001  TF9781315685830
=003  FlBoTFG
=005  20180331111825.0
=006  m\\\\\o\\d\\\\\\\\
=007  cr\\\\\\\\\\\\
=008  180331s2016\\\\nyuac\\\ob\\\\001\0\eng\d
=020  \\$a9781317413332 (e-book: PDF)$q(e-book : PDF)
=020  \\$z9781317413332$q(e-book: PDF)
=020  \\$z9781317413318$q(e-book: ePub)
=020  \\$z9781317413301$q(e-book: Mobi)
=020  \\$z9780415537834$q(hardback)
=020  \\$z9780415537841$q(paperback)
=020  \\$a9781315685830 (e-book)
=020  \\$a9781317413301 (e-book: Mobi)
=020  \\$a9781317413318 (e-book: ePub)
=020  \\$a9780415537834 (hardback)
=020  \\$a9780415537841 (paperback)
=024  7\$a10.4324/9781315685830 $2doi
=035  \\$a(OCoLC)958106306
=040  \\$aFlBoTFG$cFlBoTFG$erda$beng
=050  \4$aRS61$b.Z47 2016
=082  04$a615.1$bZ41
=100  1\$aZebroski, Bob.,$eauthor.
=245  12$aA brief history of pharmacy :$bhumanity's search for wellness /$cBob Zebroski.
=264  \1$aNew York :$bRoutledge,$c©2016.
=300  \\$a1 online resource (viii, 250 pages) :$billustrations, text file, PDF
=336  \\$atext$2rdacontent
=337  \\$acomputer$2rdamedia
=338  \\$aonline resource$2rdacarrier
=504  \\$aIncludes bibliographical references and index.
=505  0\$a1. Prehistoric pharmacy : from stones and bones to weeds and seeds -- 2. Ancient pharmacy in the river civilizations of Mesopotamia and Egypt -- 3. Pharmacy and medicine in the river civilizations of the east : Ancient India and China -- 4. Pharmacy in Ancient Greece and Rome -- 5. Medieval pharmacy in the west : pharmacy in an age of faith (dogma and authority) -- 6. Medieval Arab and Islamic pharmacy -- 7. Pharmacy during the European Renaissance and early modern era -- 8. Eighteenth- and early nineteenth-century pharmacy : from apothecary to chemist to pharmacist -- 9. Colonial and early American pharmacy -- 10. The era of alternative and patent medicine -- 11. American pharmacy organizes and promotes a new vision for the practice of pharmacy -- 12. Learning how to learn : from apprenticeship to the doctor of pharmacy (Pharm.D.) : the struggle for professional recognition -- 13. The origin and growth of the pharmaceutical industry : from Terra Sigillata to viagra -- 14. The emergence of an American institution : from the corner pharmacy to the chain drugstore, to the big box department store pharmacy -- 15. The impact of federal legislation on the practice of pharmacy -- 16. Hospital pharmacy and the rise of clinical pharmacy in the United States.
=520  \\$a"A Brief History of Pharmacy: Humanity's Search for Wellness seeks to explain how pharmacy became an integral part of our lives. From the Mesopotamians to the corner drug store, Bob Zebroski describes how treatments were sought, highlights some of the main victories of each time period, and shows how we came to be people who rely on drugs to feel better, to live longer, and look younger. This accessible survey of pharmaceutical history is essential reading for all students of pharmacy"--$cProvided by publisher.
=520  \\$a"Pharmacy has become an integral part of our lives. Just in the last decade, nearly half of all 300 million Americans take at least one prescription drug daily, accounting for {dollar}250 billion per year in sales just in the US alone. And this number doesn't even include the over-the-counter medication, or health aids that are taken. How did this practice become such an integral part of our lives and our health? A Brief History of Pharmacy: Humanity's Search for Wellness aims to answer that question. As this short overview of the practice will show, the search for well-being through the ingestion or application of natural products and more commonly now, artificially derived compounds, is as old as humanity itself. From the Mesopotamians to the corner drug store, Bob Zebroski describes how treatments were sought, highlights some of the main victories of each time period, and shows how we came to be people who rely on drugs to feel better, to live longer, and look younger.
=530  \\$aAlso available in print format.
=650  \0$aPharmacy$xHistory.
=655  \7$aElectronic books.$2lcsh
=776  08$iPrint version: $z9780415537834(Hardback)$w 2015009903
=793  0\$aTaylor & Francis online monographs (UCSD)
=856 40$zTaylor & Francis. Restricted to UCSD IP addresses.$uhttps://www.taylorfrancis.com/books/9781317413332

