=LDR  02879cam a2200493Ii 4500
=001  TF9781315183787
=005  20180331102445.0
=006  m\\\\\o\\d\\\\\\\\
=007  cr\\\\\\\\\\\\
=008  180331s2018\\\\xx\a\\\\o\\\\\000\0\eng\d
=010  \\$a 2017036313
=020  \\$a9781138740099 (hardback)
=020  \\$a9781138740105 (paperback)
=020  \\$a9781315183787 (e-book)
=020  \\$a9781351729161 (e-book: Mobi)
=020  \\$a9781351729185 (e-book: PDF)
=024  7\$a10.4324/9781315183787 $2doi
=035  \\$a(OCoLC)1019614819
=040  \\$aFlBoTFG$beng$cFlBoTFG$erda
=072  \7$aPOL000000$2bisacsh
=072  \7$aPOL011000$2bisacsh
=100  1\$aFox, Jonathan,$eauthor.
=245  13$aAn Introduction to Religion and Politics :$bTheory and Practice /$cJonathan Fox.
=250  \\$aSecond edition.
=264  \1$aLondon :$bTaylor and Francis,$c2018.
=300  \\$a1 online resource :$btext file, PDF
=336  \\$atext$2rdacontent
=337  \\$acomputer$2rdamedia
=338  \\$aonline resource$2rdacarrier
=490  0\$aRoutledge Studies in Religion and Politics
=506  \\$aLicense restrictions may limit access.
=506  \\$aSubscription required for access to full text.
=520  2\$a"This fully revised edition offers a comprehensive overview of the many theories of religion and politics and provides students with an accessible, in-depth guide to the subjects most significant debates, issues, and methodologies. It begins by asking the basic questions of how social scientists see religion and why religion remains relevant to politics in the modern era. Fox examines the influence of religious identity, beliefs, institutions and legitimacy on politics, and surveys important approaches and issues found in the literature on religion and politics. Four new chapters on religious policy around the world, political secularism, and religious freedom and human rights have been added to fully revised content covering religious identity, rational choice approaches to religious politics worldviews, beliefs, doctrines, ideologies, institutions and political mobilization, fundamentalism, secularization, and religion and conflict.This work will be essential reading for all students of religion and politics, comparative politics, international relations, and security studies."--Provided by publisher.
=530  \\$aAlso available in print format.
=650  \0$aComparative government.
=650  \0$aInternational relations.
=650  \0$aPolitical science.
=650  \0$aReligion.
=650  04$aComparative Politics
=650  04$aPolitics & International Relations
=650  04$aReligion
=655  \7$aElectronic books.$2lcsh
=776  08$iPrint version: $z9781138740099$q(Hardback)
=793  0\$aTaylor & Francis online monographs (UCSD)
=856 40$zTaylor & Francis. Restricted to UCSD IP addresses.$uhttps://www.taylorfrancis.com/books/9781351729185

