=LDR  02241cam a2200517Ii 4500
=001  TF9781135103200
=003  FlBoTFG
=005  20180331111825.0
=006  m\\\\\o\\d\\\\\\\\
=007  cr\\\\\\\\\\\\
=008  180331s2016\\\\enka\\\\ob\\\\001\0\eng\d
=020  \\$a9781135103200$q(e-book: PDF)
=020  \\$z9780203073360$q(e-book : PDF)
=020  \\$z9780415661638$q(hardback)
=020  \\$z9780815357506$q(paperback)
=020  \\$z9781135103194$q(e-book: ePub)
=020  \\$z9781135103156$q(e-book: Mobi)
=020  \\$a9780203073360 (e-book)
=020  \\$a9781135103156 (e-book: Mobi)
=020  \\$a9781135103194 (e-book: ePub)
=020  \\$a9780415661638 (hardback)
=020  \\$a9780815357506 (paperback)
=024  7\$a10.4324/9780203073360 $2doi
=035  \\$a(OCoLC)958103774
=040  \\$aFlBoTFG$cFlBoTFG$erda$beng
=050  \4$aBF408$b.Z58 2016
=082  04$a153.3$bZ822
=100  1\$aZittoun, Tania.,$eauthor.
=245  10$aImagination in human and cultural development /$cTania Zittoun and Alex Gillespie.
=264  \1$aLondon ;$aNew York :$bRoutledge,$c©2016.
=300  \\$a1 online resource (xiii, 168 pages) :$billustrations, text file, PDF
=336  \\$atext$2rdacontent
=337  \\$acomputer$2rdamedia
=338  \\$aonline resource$2rdacarrier
=490  1\$aCultural dynamics of social representation
=504  \\$aIncludes bibliographical references and index.
=505  0\$a1. Imagination : a sociocultural approach -- 2. The centrality of imagination to everyday life -- 3. The loop of imagination -- 4. Resources for imagination -- 5. Imagination in situated activities -- 6. Imagination in the lifecourse -- 7. Imagination in societal change -- 8. Imagination as freedom.
=530  \\$aAlso available in print format.
=650  \0$aChange (Psychology)
=650  \0$aDevelopmental psychology.
=650  \0$aImagination.
=655  \7$aElectronic books.$2lcsh
=700  1\$aGillespie, Alex$c(Psychologist)
=776  08$iPrint version: $z9780415661638(Hardback)$w(DLC) 2015004105
=793  0\$aTaylor & Francis online monographs (UCSD)
=830  \0$aCultural dynamics of social representation.
=856 40$zTaylor & Francis. Restricted to UCSD IP addresses.$uhttps://www.taylorfrancis.com/books/9781135103200

