=LDR  02810cam a2200517Ii 4500
=001  TF9781315294179
=003  FlBoTFG
=005  20180330125217.0
=006  m\\\\\o\\d\\\\\\\\
=007  cr\\\\\\\\\\\\
=008  180331s2017\\\\enkb\\\\ob\\\\001\0\eng\d
=020  \\$a9781315294162 (e-book: PDF)$q(e-book : PDF)
=020  \\$z9781315294162$q(e-book: PDF)
=020  \\$z9781315294148$q(e-book: Mobi)
=020  \\$z9781138239555$q(hardback)
=020  \\$a9781315294179 (e-book)
=020  \\$a9781315294148 (e-book: Mobi)
=020  \\$a9781138239555 (hardback)
=024  7\$a10.4324/9781315294179 $2doi
=035  \\$a(OCoLC)965826563
=040  \\$aFlBoTFG$cFlBoTFG$erda$beng
=043  \\$af-cm---$af------
=050  \4$aDT571.F84$bM33 2017
=082  04$a967.1100496322$bM478
=100  1\$aMbah, Emmanuel M.,$eauthor.
=245  10$aEnvironment and identity politics in colonial Africa :$bFulani migrations and land conflict /$cEmmanuel M. Mbah.
=264  \1$aLondon ;$aNew York, N.Y. :$bRoutledge,$c©2017.
=300  \\$a1 online resource (175 pages) :$btext file, PDF
=336  \\$atext$btxt$2rdacontent
=337  \\$acomputer$bc$2rdamedia
=338  \\$aonline resource$bcr$2rdacarrier
=490  1\$aGlobal Africa ;$v2
=504  \\$aIncludes bibliographical references and index.
=505  0\$a1. Introduction : the environment in colonial Africa -- 2. British Cameroon grasslands of Bamenda : geography and history -- 3. Heterogeneous societies and ethnic identity : Fulani and cattle migrations -- 4. Resource conflicts : farmers, pastoralists, cattle taxes and disputes over grazing and land -- 5. Towards a resolution : the land settlement question -- 6. Transforming British Bamenda : cattle wealth and development -- 7. Semi-autonomy for pastoralists : native authority and court for the Fulani -- 8. Modifernizing the minds : introduction Western education to the pastoral Fulani -- 9. Managing development : grazing innovations -- 10. Continuity and change : the limits of colonial modifernization.
=530  \\$aAlso available in print format.
=650  \0$aCattle$xEnvironmental aspects$zCameroon$zBamenda Highlands.
=650  \0$aFula (African people)$xLand tenure.
=650  \0$aFula (African people)$zCameroon$zBamenda Highlands.
=650  \0$aGrazing$xEnvironmental aspects$zCameroon$zBamenda Highlands.
=650  \0$aLand settlement patterns$zCameroon$zBamenda Highlands.
=651  \0$aCameroon$xEthnic relations.
=651  \0$aGreat Britain$xColonies$zAfrica$xAdministration.
=655  \7$aElectronic books.$2lcsh
=776  08$iPrint version: $z9781138239555(Hardback)$w 2016030844
=793  0\$aTaylor & Francis online monographs (UCSD)
=830  \0$aGlobal Africa ;$v2.
=856 40$zTaylor & Francis. Restricted to UCSD IP addresses.$uhttps://www.taylorfrancis.com/books/9781315294162

