=LDR  02660cam a2200493Ii 4500
=001  TF9781315692876
=003  FlBoTFG
=005  20180331111825.0
=006  m\\\\\o\\d\\\\\\\\
=007  cr\\\\\\\\\\\\
=008  180331s2016\\\\enkacd\\obf\\\001\0\eng\d
=020  \\$a9781317434610 (e-book: PDF)$q(e-book : PDF)
=020  \\$z9781317434610$q(e-book: PDF)
=020  \\$z9781317434603$q(e-book: ePub)
=020  \\$z9781317434597$q(e-book: Mobi)
=020  \\$z9781138910492$q(hardback)
=020  \\$z9781138910508$q(paperback)
=020  \\$a9781315692876 (e-book)
=020  \\$a9781317434597 (e-book: Mobi)
=020  \\$a9781317434603 (e-book: ePub)
=020  \\$a9781138910492 (hardback)
=020  \\$a9781138910508 (paperback)
=024  7\$a10.4324/9781315692876 $2doi
=035  \\$a(OCoLC)953692486
=040  \\$aFlBoTFG$cFlBoTFG$erda$beng
=050  \4$aML3790$b.R88 2016
=082  04$a780.2373$bR982
=100  1\$aRutter, Paul,$d1960-,$eauthor.
=245  14$aThe music industry handbook /$cPaul Rutter.
=250  \\$aSecond edition.
=264  \1$aAbingdon, Oxon :$bRoutledge,$c©2016.
=300  \\$a1 online resource (xix, 328 pages) :$billustrations, text file, PDF
=336  \\$atext$2rdacontent
=337  \\$acomputer$2rdamedia
=338  \\$aonline resource$2rdacarrier
=490  1\$aMedia practice
=504  \\$aIncludes bibliographical references and index.
=505  0\$a1. Introduction / Paul Rutter -- 2. Music into industry / Paul Rutter ; contribution by Pete Astor -- 3. The live music industry sector / Paul Rutter ; contributions by Phil Pethybridge and David Robinson -- 4. Music ownership into copyright / Paul Rutter -- 5. Music publishing / Paul Rutter -- 6. The recorded music industry sector / Paul Rutter ; contributions by Phil Harding ... [et al.] -- 7. Managing music / Paul Rutter ; contribution by Colin Lester -- 8. Promoting music / Paul Rutter ; contribution by Fiona Sturges -- 9. Music synchronisation and non-music brand relationships / Stu Lambert ; contribution by Simon May -- 10. The classical music business / Marius Carboni -- 11. Music venture strategies / Paul Rutter -- 12. Trading in the music industry / Paul Rutter -- 13. Into the future : the nascent music industries / Paul Rutter.
=530  \\$aAlso available in print format.
=650  \0$aMusic trade$xVocational guidance$vHandbooks, manuals, etc.
=655  \7$aElectronic books.$2lcsh
=776  08$iPrint version: $z9781138910492(Hardback)$w 2016561270
=793  0\$aTaylor & Francis online monographs (UCSD)
=830  \0$aMedia practice.
=856 40$zTaylor & Francis. Restricted to UCSD IP addresses.$uhttps://www.taylorfrancis.com/books/9781317434610

