=LDR  02032cam a2200433Ii 4500
=001  TF9781315675015
=003  FlBoTFG
=005  20180331111825.0
=006  m\\\\\o\\d\\\\\\\\
=007  cr\\\\\\\\\\\\
=008  180331s2017\\\\enka\\\\ob\\\\001\0\eng\d
=020  \\$a9781317380900 (e-book: PDF)$q(e-book : PDF)
=020  \\$z9781317380900$q(e-book: PDF)
=020  \\$z9781317380887$q(e-book: Mobi)
=020  \\$z9781138939387$q(hardback)
=020  \\$a9781315675015 (e-book)
=020  \\$a9781317380887 (e-book: Mobi)
=020  \\$a9781138939387 (hardback)
=024  7\$a10.4324/9781315675015 $2doi
=035  \\$a(OCoLC)972478167
=040  \\$aFlBoTFG$cFlBoTFG$erda$beng
=050  \4$aHC79.C6$bR68 2017
=082  04$a339.47$bR869
=245  00$aRoutledge handbook on consumption /$cedited by Margit Keller, Bente Halkier, Terhi-Anna Wilska and Monica Truninger.
=246  30$aHandbook on consumption
=264  \1$aLondon ;$aNew York :$bRoutledge,$c©2017.
=300  \\$a1 online resource (xx, 487 pages) :$billustrations, text file, PDF
=336  \\$atext$2rdacontent
=337  \\$acomputer$2rdamedia
=338  \\$aonline resource$2rdacarrier
=504  \\$aIncludes bibliographical references and index.
=505  0\$apt. I. Theoretical and methodological perspectives on consumption -- pt. II. Consumers and markets : introduction -- pt. III. Global challenges in consumption : introduction -- pt. IV. Politics and policies of consumption : introduction -- pt. V. Consumption and social divisions : introduction -- pt. VI. Contested consumption : introduction -- pt. VII. Culture, media and consumption : introduction.
=530  \\$aAlso available in print format.
=650  \0$aConsumers.
=650  \0$aConsumption (Economics)
=655  \7$aElectronic books.$2lcsh
=700  1\$aKeller, Margit.
=776  08$iPrint version: $z9781138939387(Hardback)$w 2016037842
=793  0\$aTaylor & Francis online monographs (UCSD)
=856 40$zTaylor & Francis. Restricted to UCSD IP addresses.$uhttps://www.taylorfrancis.com/books/9781317380900

