=LDR  02222cam a2200517Ii 4500
=001  TF9781315566979
=003  FlBoTFG
=005  20180331102445.0
=006  m\\\\\o\\d\\\\\\\\
=007  cr\\\\\\\\\\\\
=008  180331r20162015enkab\\\ob\\\\001\0\eng\d
=020  \\$a9781317181422 (e-book: PDF)$q(e-book : PDF)
=020  \\$z9781317181422$q(e-book: PDF)
=020  \\$z9781317181415$q(e-book: ePub)
=020  \\$z9781317181408$q(e-book: Mobi)
=020  \\$z9781472448262$q(hardback)
=020  \\$a9781315566979 (e-book)
=020  \\$a9781317181408 (e-book: Mobi)
=020  \\$a9781317181415 (e-book: ePub)
=020  \\$a9781472448262 (hardback)
=024  7\$a10.4324/9781315566979 $2doi
=035  \\$a(OCoLC)948604049
=040  \\$aFlBoTFG$cFlBoTFG$erda$beng
=043  \\$ae-sp---
=050  \4$aQM11$b.S65 2016
=082  04$a611.00946$bS626
=100  1\$aSkaarup, Bj2rn Okholm.,$eauthor.
=245  10$aAnatomy and anatomists in early modern Spain /$cBj2rn Okholm Skaarup.
=264  \1$aLondon ;$aNew York :$bRoutledge,$c©2016.
=300  \\$a1 online resource (344 pages) :$billustrations, text file, PDF
=336  \\$atext$2rdacontent
=337  \\$acomputer$2rdamedia
=338  \\$aonline resource$2rdacarrier
=490  1\$aHistory of medicine in context
=500  \\$a"First published 2015 by Ashgate Publishing"--t.p. verso.
=504  \\$aIncludes bibliographical references and index.
=505  0\$a1. Early modern Spanish anatomy and 'la polemica de la ciencia espanola' -- 2. Valencia -- 3. Salamanca -- 4. Valladolid -- 5. Alcala de Henares -- 6. Barcelona -- 7. Zaragoza -- 8. Beyond the universities -- 9. Beyond Iberia -- 10. Images of Spanish Renaissance anatomy.
=530  \\$aAlso available in print edition.
=538  \\$aMode of access: World Wide Web.
=650  \0$aAnatomists$zSpain$xHistory.
=650  \0$aAnatomy$xHistory.
=650  \0$aHuman anatomy$zSpain$xHistory.
=655  \7$aElectronic books.$2lcsh
=776  08$iPrint version: $z9781472448262(Hardback)$w 2014026174
=793  0\$aTaylor & Francis online monographs (UCSD)
=830  \0$aHistory of medicine in context.
=856 40$zTaylor & Francis. Restricted to UCSD IP addresses.$uhttps://www.taylorfrancis.com/books/9781317181422

