=LDR  02806cam a2200469Ii 4500
=001  TF9781315658742
=003  FlBoTFG
=005  20180331111825.0
=006  m\\\\\o\\d\\\\\\\\
=007  cr\\\\\\\\\\\\
=008  180331s2016\\\\nyua\\\\ob\\\\001\0\eng\d
=020  \\$a9781317331971 (e-book: PDF)$q(e-book : PDF)
=020  \\$z9781317331971$q(e-book: PDF)
=020  \\$z9781317331964$q(e-book: ePub)
=020  \\$z9781317331957$q(e-book: Mobi)
=020  \\$z9780415502696$q(hardback)
=020  \\$a9781315658742 (e-book)
=020  \\$a9781317331957 (e-book: Mobi)
=020  \\$a9780415502696 (hardback)
=024  7\$a10.4324/9781315658742 $2doi
=035  \\$a(OCoLC)958106416
=040  \\$aFlBoTFG$cFlBoTFG$erda$beng
=042  \\$apcc
=050  \4$aR729.8$b.M43 2016
=082  04$a610$bM489
=245  00$aMedicine, risk, discourse and power /$cedited by John Martyn Chamberlain.
=264  \1$aNew York :$bRoutledge,$c©2016.
=300  \\$a1 online resource (viii, 243 pages) :$billustrations, text file, PDF
=336  \\$atext$2rdacontent
=337  \\$acomputer$2rdamedia
=338  \\$aonline resource$2rdacarrier
=490  1\$aRoutledge advances in sociology ;$v164
=504  \\$aIncludes bibliographical references and index.
=505  0\$aAn introduction to medicine, risk, discourse and power / John Martyn Chamberlain -- Sociology and risk : a link in permanent (re)construction / Fiorella Mancini -- Time, risk and health / Andy Alaszewski and Patrick Brown -- Using medicines in the face of uncertainty : developing a habermasian understanding of medicines' lifeworlds / Patrick Brown -- Performing risk and power : predictive technologies in personalized medicine / Nadav Even Chorev -- Balancing risk and recovery in mental health : an analysis of the way in which policy objectives around risk and recovery affect professional practice in England / Jeremy Dixon -- Moving from gut feeling to evidence : the case of social work / Gemma Mitchell -- Regulating for safer doctors in the risk society / John Martyn Chamberlain -- Health experts challenge the safety of pesticides in Argentina and Brazil / Renata Motta and Florencia Arancibia -- Changing discourses of risk and health-risk : a corpus analysis of the usage of risk language in the new york times / Jens O. Zinn and Daniel McDonald.
=530  \\$aAlso available in print format.
=650  \0$aHealth risk assessment.
=650  \0$aMedicine$xSocial aspects.
=655  \7$aElectronic books.$2lcsh
=700  1\$aChamberlain, John Martyn,$d1972-
=776  08$iPrint version: $z9780415502696(Hardback)$w 2015025795
=793  0\$aTaylor & Francis online monographs (UCSD)
=830  \0$aRoutledge advances in sociology ;$v164.
=856 40$zTaylor & Francis. Restricted to UCSD IP addresses.$uhttps://www.taylorfrancis.com/books/9781317331971

