=LDR  02552cam a2200505Ii 4500
=001  TF9781315725598
=003  FlBoTFG
=005  20180331111825.0
=006  m\\\\\o\\d\\\\\\\\
=007  cr\\\\\\\\\\\\
=008  180331s2016\\\\nyuac\\\ob\\\\001\0\eng\d
=020  \\$a9781317534464 (e-book: PDF)$q(e-book : PDF)
=020  \\$z9781317534464$q(e-book: PDF)
=020  \\$z9781317534457$q(e-book: ePub)
=020  \\$z9781317534440$q(e-book: Mobi)
=020  \\$z9781138849426$q(hardback)
=020  \\$a9781315725598 (e-book)
=020  \\$a9781317534440 (e-book: Mobi)
=020  \\$a9781317534457 (e-book: ePub)
=020  \\$a9781138849426 (hardback)
=024  7\$a10.4324/9781315725598 $2doi
=035  \\$a(OCoLC)958110137
=040  \\$aFlBoTFG$cFlBoTFG$erda$beng
=043  \\$ae-uk---
=050  \4$aPR769$b.L88 2016
=082  04$a828.40809$bL974
=100  1\$aLuttfring, Sara D.,$eauthor.
=245  10$aBodies, speech, and reproductive knowledge in early modern England /$cSara D. Luttfring.
=264  \1$aNew York :$bRoutledge,$c©2016.
=300  \\$a1 online resource (xiv, 231 pages) :$billustrations, text file, PDF
=336  \\$atext$2rdacontent
=337  \\$acomputer$2rdamedia
=338  \\$aonline resource$2rdacarrier
=490  1\$aRoutledge studies in renaissance literature and culture ;$v26
=504  \\$aIncludes bibliographical references and index.
=505  0\$aReproductive bodies and bodily narratives in early modern England, 1603-1660 -- Virginity, politics, and history in The changeling and The Essex divorce -- Pregnancy, interiority, and the circulation of knowledge in early modern medical treatises and 'Tis pity she's a whore -- Birthing room gossip and the construction of patriarchal authority in early modern satire and A chaste maid in Cheapside -- (de)Formative parental influence in early modern monstrous birth pamphlets and The winter's tale.
=530  \\$aAlso available in print format.
=650  \0$aEnglish prose literature$yEarly modern, 1500-1700$xHistory and criticism.
=650  \0$aHuman body in literature.
=650  \0$aReproductive health$zEngland$xHistory$y17th century.
=650  \0$aWomen and literature$zEngland$xHistory$y17th century.
=655  \7$aElectronic books.$2lcsh
=776  08$iPrint version: $z9781138849426$q(Hardback)$w(DLC)  2015010060
=793  0\$aTaylor & Francis online monographs (UCSD)
=830  \0$aRoutledge studies in renaissance literature and culture ;$v26.
=856 40$zTaylor & Francis. Restricted to UCSD IP addresses.$uhttps://www.taylorfrancis.com/books/9781317534464

