=LDR  01830cam a2200469Ii 4500
=001  TF9781315751979
=003  FlBoTFG
=005  20180331111825.0
=006  m\\\\\o\\d\\\\\\\\
=007  cr\\\\\\\\\\\\
=008  180331s2016\\\\enka\\\\ob\\\\001\0\eng\d
=020  \\$a9781317616764 (e-book: PDF)$q(e-book : PDF)
=020  \\$z9781317616764$q(e-book: PDF)
=020  \\$z9781317616757$q(e-book: ePub)
=020  \\$z9781317616740$q(e-book: Mobi)
=020  \\$z9781138805804$q(hardback)
=020  \\$z9781138805811$q(paperback)
=020  \\$a9781315751979 (e-book)
=020  \\$a9781317616740 (e-book: Mobi)
=020  \\$a9781317616757 (e-book: ePub)
=020  \\$a9781138805804 (hardback)
=020  \\$a9781138805811 (paperback)
=024  7\$a10.4324/9781315751979 $2doi
=035  \\$a(OCoLC)958097580
=040  \\$aFlBoTFG$cFlBoTFG$erda$beng
=050  \4$aBF311$b.F6657 2016
=082  04$a153$bF771
=245  00$aFoundations of embodied cognition /$cedited by Yann Coello and Martin H. Fischer.
=264  \1$aLondon ;$aNew York :$bRoutledge,$c©2016.
=300  \\$a1 online resource (2 volume pages) :$billustrations, text file, PDF
=336  \\$atext$2rdacontent
=337  \\$acomputer$2rdamedia
=338  \\$aonline resource$2rdacarrier
=504  \\$aIncludes bibliographical references and indexes.
=505  0\$av. 1. Perceptual and emotional embodiment -- v. 2. Conceptual and interactive embodiment.
=530  \\$aAlso available in print format.
=650  \0$aCognition.
=655  \7$aElectronic books.$2lcsh
=700  1\$aCoello, Yann.
=700  1\$aFischer, Martin H.,$d1964-
=776  08$iPrint version: $z9781138805804$q(Hardback)$w(DLC) 2015026655
=793  0\$aTaylor & Francis online monographs (UCSD)
=856 40$zTaylor & Francis. Restricted to UCSD IP addresses.$uhttps://www.taylorfrancis.com/books/9781317616764

