=LDR  02338cam a2200553Ii 4500
=001  TF9781315624013
=003  FlBoTFG
=005  20180331111825.0
=006  m\\\\\o\\d\\\\\\\\
=007  cr\\\\\\\\\\\\
=008  180331s2016\\\\enk\\\\\ob\\\\001\0\eng\d
=020  \\$a9781317227748 (e-book: PDF)$q(e-book : PDF)
=020  \\$z9781317227748$q(e-book: PDF)
=020  \\$z9781317227731$q(e-book: ePub)
=020  \\$z9781317227724$q(e-book: Mobi)
=020  \\$z9780415720823$q(hardback)
=020  \\$z9780415720854$q(paperback)
=020  \\$a9781315624013 (e-book)
=020  \\$a9781317227724 (e-book: Mobi)
=020  \\$a9781317227731 (e-book: ePub)
=020  \\$a9780415720823 (hardback)
=020  \\$a9780415720854 (paperback)
=024  7\$a10.4324/9781315624013 $2doi
=035  \\$a(OCoLC)950459722
=040  \\$aFlBoTFG$cFlBoTFG$erda$beng
=043  \\$an-us---
=050  \4$aE169.1$b.A67 2016
=082  04$a973.0071$bA652
=245  00$aApproaches to American cultural studies /$cedited by Antje Dallman, Eva Boesenberg, and Martin Klepper.
=264  \1$aLondon ;$aNew York :$bRoutledge,$c©2016.
=300  \\$a1 online resource (xii, 261 pages) :$btext file, PDF
=336  \\$atext$2rdacontent
=337  \\$acomputer$2rdamedia
=338  \\$aonline resource$2rdacarrier
=500  \\$a"Companion @ website"--cover.
=504  \\$aIncludes bibliographical references and index.
=505  0\$apt. 1. American studies as a discipline -- pt. 2. American studies and cultural studies -- pt. 3. Concepts of nation building in American studies -- pt. 4. Theories in American studies.
=530  \\$aAlso available in print format.
=650  \0$aNational characteristics, American$xStudy and teaching.
=650  \0$aPopular culture$zUnited States$xStudy and teaching.
=651  \0$aUnited States$xCivilization$xStudy and teaching.
=651  \0$aUnited States$xIntellectual life$xStudy and teaching.
=651  \0$aUnited States$xStudy and teaching$xHistory.
=655  \7$aElectronic books.$2lcsh
=700  1\$aBoesenberg, Eva.
=700  1\$aDallman, Antje.
=700  1\$aKlepper, Martin,$d1963-
=776  08$iPrint version: $z9780415720823(Hardback)$w 2015042648
=793  0\$aTaylor & Francis online monographs (UCSD)
=856 40$zTaylor & Francis. Restricted to UCSD IP addresses.$uhttps://www.taylorfrancis.com/books/9781317227748

