=LDR  02385cam a2200505Ii 4500
=001  TF9781315400785
=003  FlBoTFG
=005  20180330125217.0
=006  m\\\\\o\\d\\\\\\\\
=007  cr\\\\\\\\\\\\
=008  180331s2017\\\\nyua\\\\ob\\\\001\0\eng\d
=020  \\$a9781315400778 (e-book: PDF)$q(e-book : PDF)
=020  \\$z9781315400778$q(e-book: PDF)
=020  \\$z9781315400754$q(e-book: Mobi)
=020  \\$z9781611323603$q(hardback)
=020  \\$z9781611323610$q(paperback)
=020  \\$a9781315400785 (e-book)
=020  \\$a9781315400754 (e-book: Mobi)
=020  \\$a9781611323603 (hardback)
=020  \\$a9781611323610 (paperback)
=024  7\$a10.4324/9781315400785 $2doi
=035  \\$a(OCoLC)967394395
=040  \\$aFlBoTFG$cFlBoTFG$erda$beng
=043  \\$af-et---
=050  \4$aRA645.37.E8$bM34 2017
=082  04$a362.1409633$bM186
=100  1\$aMaes, Kenneth.,$eauthor.
=245  14$aThe lives of community health workers :$blocal labor and global health in urban Ethiopia /$cKenneth Maes.
=264  \1$aNew York :$bRoutledge,$c©2017.
=300  \\$a1 online resource (xv, 171 pages) :$billustrations, text file, PDF
=336  \\$atext$btxt$2rdacontent
=337  \\$acomputer$bc$2rdamedia
=338  \\$aonline resource$bcr$2rdacarrier
=490  1\$aAnthropology and global public health
=504  \\$aIncludes bibliographical references and index.
=505  0\$a1. Community health worker payment and participation in Addis Ababa's alicha millennium -- 2. Becoming a community health worker : a biosocial and historical perspective -- 3. Some assembly required : community health worker recruitment and basic training -- 4. To care and to suffer : community health work amid unemployment and food insecurity -- 5. Where there is no labor movement.
=530  \\$aAlso available in print format.
=650  \0$aCaregivers$zEthiopia$zAddis Ababa.
=650  \0$aHIV-positive persons$xServices for$zEthiopia$zAddis Ababa.
=650  \0$aHome care services$zEthiopia$zAddis Ababa.
=650  \0$aPublic health personnel$zEthiopia$zAddis Ababa.
=655  \7$aElectronic books.$2lcsh
=776  08$iPrint version: $z9781611323603(Hardback)$w 2016025353
=793  0\$aTaylor & Francis online monographs (UCSD)
=830  \0$aAnthropology and global public health.
=856 40$zTaylor & Francis. Restricted to UCSD IP addresses.$uhttps://www.taylorfrancis.com/books/9781315400778

