=LDR  02150cam a2200505Ii 4500
=001  TF9781315673271
=003  FlBoTFG
=005  20180331111825.0
=006  m\\\\\o\\d\\\\\\\\
=007  cr\\\\\\\\\\\\
=008  180331r20161973enkad\\\ob\\\\000\0\eng\d
=020  \\$a9781317375678 (e-book: PDF)$q(e-book : PDF)
=020  \\$z9781317375678$q(e-book: PDF)
=020  \\$z9781317375661$q(e-book: ePub)
=020  \\$z9781317375654$q(e-book: Mobi)
=020  \\$z9781138941182$q(hardback)
=020  \\$z9781138942165$q(paperback)
=020  \\$a9781315673271 (e-book)
=020  \\$a9781317375654 (e-book: Mobi)
=020  \\$a9781317375661 (e-book: ePub)
=020  \\$a9781138941182 (hardback)
=020  \\$a9781138942165 (paperback)
=024  7\$a10.4324/9781315673271 $2doi
=035  \\$a(OCoLC)958105990
=040  \\$aFlBoTFG$cFlBoTFG$erda$beng
=050  \4$aSH328$b.C47 2016
=082  04$a338.3727$bC556
=100  1\$aChristy, Francis T.,$eauthor.
=245  10$aAlternative arrangements for marine fisheries :$ban overview /$cFrancis T. Christy, Jr.
=264  \1$aAbingdon, Oxon :$bRoutledge,$c©2016.
=300  \\$a1 online resource (ix, 91 pages) :$billustrations, text file, PDF
=336  \\$atext$2rdacontent
=337  \\$acomputer$2rdamedia
=338  \\$aonline resource$2rdacarrier
=490  1\$aRoutledge revivals
=500  \\$aFirst published in 1973 by Resources for the Future, Inc.
=504  \\$aIncludes bibliographical references.
=505  0\$a1. Fundamental characteristics of fisheries -- 2. Alternatives for management -- 3. Alternative techniques for distribution of wealth -- 4. Alternative institutions for management and distribution -- 5. General principles for fisheries arrangements.
=530  \\$aAlso available in print format.
=650  \0$aFishery law and legislation.
=650  \0$aFishery management, International.
=655  \7$aElectronic books.$2lcsh
=776  08$iPrint version: $z9781138941182$q(Hardback)
=793  0\$aTaylor & Francis online monographs (UCSD)
=830  \0$aRoutledge revivals.
=856 40$zTaylor & Francis. Restricted to UCSD IP addresses.$uhttps://www.taylorfrancis.com/books/9781317375678

