=LDR  02251cam a2200517Ii 4500
=001  TF9781315552903
=003  FlBoTFG
=005  20180331102445.0
=006  m\\\\\o\\d\\\\\\\\
=007  cr\\\\\\\\\\\\
=008  180331r20162015enkabg\\ob\\\\001\0\eng\d
=020  \\$a9781317016038 (e-book: PDF)$q(e-book : PDF)
=020  \\$z9781317016038$q(e-book: PDF)
=020  \\$z9781317016021$q(e-book: ePub)
=020  \\$z9781317016014$q(e-book: Mobi)
=020  \\$z9781472432063$q(hardback)
=020  \\$a9781315552903 (e-book)
=020  \\$a9781317016014 (e-book: Mobi)
=020  \\$a9781317016021 (e-book: ePub)
=020  \\$a9781472432063 (hardback)
=024  7\$a10.4324/9781315552903 $2doi
=035  \\$a(OCoLC)948603107
=040  \\$aFlBoTFG$cFlBoTFG$erda$beng
=043  \\$ae-fr---
=050  \4$aML3127.8.S87$bT76 2016
=082  04$a264.2309443954$bT843
=100  1\$aTrocme-Latter, Daniel.,$eauthor.
=245  14$aThe singing of the Strasbourg Protestants, 1523-1541 /$cDaniel Trocme-Latter.
=264  \1$aLondon ;$aNew York :$bRoutledge,$c©2016.
=300  \\$a1 online resource :$billustrations, text file, PDF
=336  \\$atext$2rdacontent
=337  \\$acomputer$2rdamedia
=338  \\$aonline resource$2rdacarrier
=490  1\$aSt. Andrews studies in Reformation history
=500  \\$a"First published 2015 by Ashgate Publishing"--T.p. verso.
=504  \\$aIncludes bibliographical references (p. 351-378) and index.
=505  0\$a1. The church and the 'wonderful art' of music -- 2. Abolishing the mass -- 3. The move towards conformity -- 4. Song texts and their messages -- 5. The 1541 Gesangbuch and Strasbourg's external influence.
=530  \\$aAlso available in print format.
=538  \\$aMode of access: World Wide Web.
=650  \0$aChurch music$xProtestant churches$y16th century.
=650  \0$aChurch music$zFrance$zStrasbourg$y16th century.
=650  \0$aReformation$zFrance$zStrasbourg.
=655  \7$aElectronic books.$2lcsh
=776  08$iPrint version: $z9781472432063(Hardback)$w 2014037442
=793  0\$aTaylor & Francis online monographs (UCSD)
=830  \0$aSt. Andrews studies in Reformation history.
=856 40$zTaylor & Francis. Restricted to UCSD IP addresses.$uhttps://www.taylorfrancis.com/books/9781317016038

