=LDR  03371cam a2200601Ii 4500
=001  TF9781315554525
=003  FlBoTFG
=005  20180331102445.0
=006  m\\\\\o\\d\\\\\\\\
=007  cr\\\\\\\\\\\\
=008  180331s2016\\\\enkad\\\ob\\\\001\0\eng\d
=020  \\$a9781317020899 (e-book: PDF)$q(e-book : PDF)
=020  \\$z9781317020899$q(e-book: PDF)
=020  \\$z9781317020882$q(e-book: ePub)
=020  \\$z9781317020875$q(e-book: Mobi)
=020  \\$z9781472477255$q(hardback)
=020  \\$a9781315554525 (e-book)
=020  \\$a9781317020875 (e-book: Mobi)
=020  \\$a9781317020882 (e-book: ePub)
=020  \\$a9781472477255 (hardback)
=024  7\$a10.4324/9781315554525 $2doi
=035  \\$a(OCoLC)958108516
=040  \\$aFlBoTFG$cFlBoTFG$erda$beng
=043  \\$ae-po---
=050  \4$aHV4129.A3$bA25 2016
=082  04$a362.10946909031$bA162
=100  1\$aAbreu, Laurinda.,$eauthor.
=245  14$aThe political and social dynamics of poverty, poor relief and health care in early-modern Portugal /$cLaurinda Abreu.
=264  \1$aLondon ;$aNew York :$bRoutledge,$c©2016.
=300  \\$a1 online resource (123 pages) :$billustrations, text file, PDF
=336  \\$atext$2rdacontent
=337  \\$acomputer$2rdamedia
=338  \\$aonline resource$2rdacarrier
=490  1\$aHistory of medicine in context
=504  \\$aIncludes bibliographical references (p. [271]-296) and index.
=505  0\$apt. 1. Charity and poor relief in Portugal at the dawn of the early modern period : the organisation and consolidation of crown authority -- pt. 2. Institutions as social actors mediating between society, the authorities and individuals.
=520  2\$a"By the end of the fifteenth century most European counties had witnessed a profound reformation of their poor relief and health care policies. As this book demonstrates, Portugal was among them and actively participated in such reforms. Providing the first English language monograph on this this topic, Laurinda Abreu examines the Portuguese experience and places it within the broader European context. She shows that, in line with much that was happening throughout the rest of Europe, Portugal had not only set up a systematic reform of the hospitals but had also developed new formal arrangements for charitable and welfare provision that responded to the changing socioeconomic framework, the nature of poverty, and the concerns of political powers"--$cProvided by publisher.
=530  \\$aAlso available in print edition.
=538  \\$aMode of access: World Wide Web.
=650  \0$aCharities$zPortugal$xHistory.
=650  \0$aMedical policy$zPortugal$xHistory.
=650  \0$aPoor$xMedical care$zPortugal$xHistory.
=650  \0$aPoor$xServices for$zPortugal$xHistory.
=650  \0$aPoverty$xPolitical aspects$zPortugal$xHistory.
=650  \0$aPoverty$xSocial aspects$zPortugal$xHistory.
=650  \0$aPublic welfare$zPortugal$xHistory.
=651  \0$aPortugal$xPolitics and government.
=651  \0$aPortugal$xSocial conditions.
=651  \0$aPortugal$xSocial policy.
=655  \7$aElectronic books.$2lcsh
=776  08$iPrint version: $z9781472477255(Hardback)$w 2015026609
=793  0\$aTaylor & Francis online monographs (UCSD)
=830  \0$aHistory of medicine in context.
=856 40$zTaylor & Francis. Restricted to UCSD IP addresses.$uhttps://www.taylorfrancis.com/books/9781317020899

