=LDR  02134cam a2200469Ii 4500
=001  TF9781315689296
=003  FlBoTFG
=005  20180331111825.0
=006  m\\\\\o\\d\\\\\\\\
=007  cr\\\\\\\\\\\\
=008  180331s2016\\\\enka\\\\o\\\\\001\0\eng\d
=020  \\$a9781317423713 (e-book: PDF)$q(e-book : PDF)
=020  \\$z9781317423713$q(e-book: PDF)
=020  \\$z9781317423706$q(e-book: ePub)
=020  \\$z9781317423690$q(e-book: Mobi)
=020  \\$z9781138457836$q(hardback)
=020  \\$z9781138917002$q(paperback)
=020  \\$a9781315689296 (e-book)
=020  \\$a9781317423690 (e-book: Mobi)
=020  \\$a9781317423706 (e-book: ePub)
=020  \\$a9781138457836 (hardback)
=020  \\$a9781138917002 (paperback)
=035  \\$a(OCoLC)1000427838
=040  \\$aFlBoTFG$cFlBoTFG$erda$beng
=050  \4$aTR267.5.A3$bE94 2016
=082  04$a006.696$bE931
=100  1\$aEvening, Martin.,$eauthor.
=245  10$aAdobe Photoshop CC for photographers :$b2015 release : a professional image editor's guide to the creative use of Photoshop for the Macintosh and PC /$cMartin Evening.
=264  \1$aLondon ;$aNew York :$bRoutledge,$c©2016.
=300  \\$a1 online resource (xxii, 729 pages) :$billustrations, text file, PDF
=336  \\$atext$2rdacontent
=337  \\$acomputer$2rdamedia
=338  \\$aonline resource$2rdacarrier
=500  \\$aIncludes index.
=505  0\$a1. Photoshop fundamentals -- 2. Camera raw image processing -- 3. Sharpening and noise reduction -- 4. Image editing essentials -- 5. Black and white -- 6. Extending the dynamic range -- 7. Image retouching -- 8. Layers, selections and masking -- 9. Blur, optical and rendering filters -- 10. Print output -- 11. Automating photoshop.
=530  \\$aAlso available in print format.
=630  00$aAdobe Photoshop.
=650  \0$aComputer graphics.
=650  \0$aPhotography$xDigital techniques.
=655  \7$aElectronic books.$2lcsh
=776  08$iPrint version: $z9781138457836$q(Hardback)
=793  0\$aTaylor & Francis online monographs (UCSD)
=856 40$zTaylor & Francis. Restricted to UCSD IP addresses.$uhttps://www.taylorfrancis.com/books/9781317423713

