=LDR  01969cam a2200481Ii 4500
=001  TF9781315798202
=003  FlBoTFG
=005  20180331111825.0
=006  m\\\\\o\\d\\\\\\\\
=007  cr\\\\\\\\\\\\
=008  180331s2016\\\\nyua\\\\o\\\\\001\0\eng\d
=020  \\$a9781317755845 (e-book: PDF)$q(e-book : PDF)
=020  \\$z9781317755845$q(e-book: PDF)
=020  \\$z9781317755838$q(e-book: ePub)
=020  \\$z9781317755821$q(e-book: Mobi)
=020  \\$z9781138695535$q(hardback)
=020  \\$z9780415745024$q(paperback)
=020  \\$a9781315798202 (e-book)
=020  \\$a9781317755821 (e-book: Mobi)
=020  \\$a9781317755838 (e-book: ePub)
=020  \\$a9781138695535 (hardback)
=020  \\$a9780415745024 (paperback)
=024  7\$a10.4324/9781315798202 $2doi
=035  \\$a(OCoLC)948602727
=040  \\$aFlBoTFG$cFlBoTFG$erda$beng
=050  \4$aTR267.5.A355$bB73 2016
=082  04$a770$bB811
=100  1\$aBradley, Jason$c(Photographer),$eauthor.
=245  10$aCreative workflow in Lightroom :$bthe photographer's guide to managing, developing, and sharing your work /$cJason Bradley.
=264  \1$aNew York ;$aLondon :$bFocal Press,$c©2016.
=300  \\$a1 online resource (xiii, 348 pages) :$billustrations, text file, PDF
=336  \\$atext$2rdacontent
=337  \\$acomputer$2rdamedia
=338  \\$aonline resource$2rdacarrier
=500  \\$aIncludes index.
=505  0\$aSetting the stage for a Lightroom workflow -- File management workflow -- Raw rile processing workflow -- File output workflow.
=530  \\$aAlso available in print format.
=630  00$aAdobe Photoshop lightroom.
=650  \0$aImage processing$xDigital techniques.
=650  \0$aPhotography$xDigital techniques.
=655  \7$aElectronic books.$2lcsh
=776  08$iPrint version: $z9781138695535$q(Hardback)
=793  0\$aTaylor & Francis online monographs (UCSD)
=856 40$zTaylor & Francis. Restricted to UCSD IP addresses.$uhttps://www.taylorfrancis.com/books/9781317755845

