=LDR  01904cam a2200457Ii 4500
=001  TF9781315729657
=003  FlBoTFG
=005  20180331111825.0
=006  m\\\\\o\\d\\\\\\\\
=007  cr\\\\\\\\\\\\
=008  180331r20142009enk\\\\\ob\\\\001\0\eng\d
=020  \\$a9781317546573 (e-book: PDF)$q(e-book : PDF)
=020  \\$z9781317546573$q(e-book: PDF)
=020  \\$z9781317546566$q(e-book: ePub)
=020  \\$z9781317546559$q(e-book: Mobi)
=020  \\$z9781844656790$q(paperback)
=020  \\$a9781315729657 (e-book)
=020  \\$a9781317546559 (e-book: Mobi)
=020  \\$a9781317546566 (e-book: ePub)
=020  \\$a9781844656790 (paperback)
=024  7\$a10.4324/9781315729657 $2doi
=035  \\$a(OCoLC)890981468
=040  \\$aFlBoTFG$cFlBoTFG$erda$beng
=050  \4$aBL51$b.H57 2014
=082  04$a210$bH673
=245  04$aThe history of western philosophy of religion /$cedited by Graham Oppy and N.N. Trakakis.
=264  \1$aAbingdon, Oxon :$bRoutledge,$c©2014.
=300  \\$a1 online resource (5 volume pages) :$btext file, PDF
=336  \\$atext$2rdacontent
=337  \\$acomputer$2rdamedia
=338  \\$aonline resource$2rdacarrier
=500  \\$aFirst published 2009 by Acumen.
=504  \\$aIncludes bibliographical references and index.
=505  0\$av. 1. Ancient philosophy of religion -- v. 2. Medieval philosophy of religion -- v. 3. Early modern philosophy of religion -- v. 4. Nineteenth-century philosophy of religion -- v. 5. Twentieth-century philosophy of religion.
=530  \\$aAlso available in print format.
=650  \0$aReligion$xPhilosophy.
=655  \7$aElectronic books.$2lcsh
=700  1\$aOppy, Graham,$d1960-
=700  1\$aTrakakis, Nick.
=776  08$iPrint version: $z9781844656790$q(Paperback)
=793  0\$aTaylor & Francis online monographs (UCSD)
=856 40$zTaylor & Francis. Restricted to UCSD IP addresses.$uhttps://www.taylorfrancis.com/books/9781317546573

