=LDR  04010cam a2200589Ii 4500
=001  TF9781315866703
=003  FlBoTFG
=005  20180331111825.0
=006  m\\\\\o\\d\\\\\\\\
=007  cr\\\\\\\\\\\\
=008  180331s2015\\\\enkab\\\ob\\\\001\0\eng\d
=020  \\$a9781317961505 (e-book: PDF)$q(e-book : PDF)
=020  \\$z9781317961505$q(e-book: PDF)
=020  \\$z9781317961499$q(e-book: ePub)
=020  \\$z9781317961482$q(e-book: Mobi)
=020  \\$z9780415720809$q(hardback)
=020  \\$z9781138506862$q(paperback)
=020  \\$a9781315866703 (e-book)
=020  \\$a9781317961482 (e-book: Mobi)
=020  \\$a9781317961499 (e-book: ePub)
=020  \\$a9780415720809 (hardback)
=020  \\$a9781138506862 (paperback)
=024  7\$a10.4324/9781315866703 $2doi
=035  \\$a(OCoLC)958100333
=040  \\$aFlBoTFG$cFlBoTFG$erda$beng
=043  \\$anc-----
=050  \4$aQC903.2.C35$bC55 2015
=082  04$a577.3409728$bC639
=245  00$aClimate change impacts on tropical forests in Central America :$ban ecosystem service perspective /$cedited by Aline Chiabai.
=264  \1$aLondon ;$aNew York :$bRoutledge,$c©2015.
=300  \\$a1 online resource (xvi, 220 pages) :$billustrations, text file, PDF
=336  \\$atext$2rdacontent
=337  \\$acomputer$2rdamedia
=338  \\$aonline resource$2rdacarrier
=490  1\$aEarthscan forest library
=504  \\$aIncludes bibliographical references and index.
=505  0\$apt. 1. Central American tropical forests, ecosystem services and human wellbeing -- pt. 2. Climate, water and land-use changes in Central American tropical forests -- pt. 3. Economic assessment, adaptation options and policy implications.
=520  2\$a"Climate change is expected to be the primary cause for biodiversity loss and changes in ecosystem services on a global scale, with increased risk of extinction for many plant and animal species. The crucial issue under debate is the impact on the welfare of current and future population, and the role of humans in the exploitation of natural resources. This is of particular importance in Central America where, on one hand, a major share of the world's biodiversity capital is concentrated and, on the other hand, ecological biodiversity loss strongly impacts socio-economic vulnerability. This book will address the impacts of climate change on tropical forest ecosystems and related services in this important region, and will assess the projected economic costs if no policy action is taken by the end of the century. This innovative collection utilises both theoretical approaches and empirical results to provide a conceptual framework for an integrated analysis of climate change impacts on forest ecosystems and related economic effects, offering insight into the complex relationship between ecosystem services and benefits to humans. This important contribution to climate change and forestry studies provides invaluable reading for students and scholars in the fields of environmental and ecological economics, environmental science and forestry, natural resource management, agriculture and climate change"--$cProvided by publisher.
=530  \\$aAlso available in print format.
=650  \0$aClimatic changes$xEconomic aspects$zCentral America.
=650  \0$aClimatic changes$xEnvironmental aspects$zCentral America.
=650  \0$aEcosystem services$zCentral America.
=650  \0$aForest biodiversity$zCentral America.
=650  \0$aForest degradation$zCentral America.
=650  \0$aRain forest ecology$zCentral America.
=651  \0$aCentral America$xEconomic conditions$y1979-
=651  \0$aCentral America$xEnvironmental conditions.
=655  \7$aElectronic books.$2lcsh
=700  1\$aChiabai, Aline.
=776  08$iPrint version: $z9780415720809$q(Hardback)$w(DLC) 2014047842
=793  0\$aTaylor & Francis online monographs (UCSD)
=830  \0$aEarthscan forest library.
=856 40$zTaylor & Francis. Restricted to UCSD IP addresses.$uhttps://www.taylorfrancis.com/books/9781317961505

