=LDR  02310cam a2200517Ii 4500
=001  TF9781315707488
=003  FlBoTFG
=005  20180331111825.0
=006  m\\\\\o\\d\\\\\\\\
=007  cr\\\\\\\\\\\\
=008  180331s2016\\\\nyuad\\\ob\\\\001\0\eng\d
=020  \\$a9781317479994 (e-book: PDF)$q(e-book : PDF)
=020  \\$z9781317479994$q(e-book: PDF)
=020  \\$z9781317479987$q(e-book: ePub)
=020  \\$z9781317479970$q(e-book: Mobi)
=020  \\$z9781138900103$q(hardback)
=020  \\$z9781138900127$q(paperback)
=020  \\$a9781315707488 (e-book)
=020  \\$a9781317479970 (e-book: Mobi)
=020  \\$a9781317479987 (e-book: ePub)
=020  \\$a9781138900103 (hardback)
=020  \\$a9781138900127 (paperback)
=024  7\$a10.4324/9781315707488 $2doi
=035  \\$a(OCoLC)946887227
=040  \\$aFlBoTFG$cFlBoTFG$erda$beng
=043  \\$an-us---
=050  \4$aPN4888.T4$bC37 2016
=082  04$a070.430973$bC345
=100  1\$aCassino, Dan,$d1980-,$eauthor.
=245  10$aFox News and American politics :$bhow one channel shapes American politics and society /$cDan Cassino.
=264  \1$aNew York :$bRoutledge,$c©2016.
=300  \\$a1 online resource (216 pages) :$billustrations, text file, PDF
=336  \\$atext$2rdacontent
=337  \\$acomputer$2rdamedia
=338  \\$aonline resource$2rdacarrier
=490  1\$aRoutledge studies in political psychology ;$v3
=504  \\$aIncludes bibliographical references and index.
=505  0\$a1. The most powerful name in news -- 2. The media and presidential approval -- 3. Fox news and the 2012 Republican primary -- 4. The 2012 general election -- 5. Fox News and political knowledge -- 6. Conspiracy theories and other false beliefs -- 7. The media and society -- 8. Conclusion -- 9. Methodology notes.
=530  \\$aAlso available in print format.
=610  20$aFox News.
=650  \0$aTelevision and politics$zUnited States.
=650  \0$aTelevision broadcasting of news$zUnited States.
=655  \7$aElectronic books.$2lcsh
=776  08$iPrint version: $z9781138900103$q(Hardback)$w(DLC) 2015043058
=793  0\$aTaylor & Francis online monographs (UCSD)
=830  \0$aRoutledge studies in political psychology ;$v3.
=856 40$zTaylor & Francis. Restricted to UCSD IP addresses.$uhttps://www.taylorfrancis.com/books/9781317479994

