=LDR  02177cam a2200493Ii 4500
=001  TF9781315845548
=003  FlBoTFG
=005  20180331111825.0
=006  m\\\\\o\\d\\\\\\\\
=007  cr\\\\\\\\\\\\
=008  180331r20131993enkad\\\ob\\\\001\0\eng\d
=020  \\$a9781317898191 (e-book: PDF)$q(e-book : PDF)
=020  \\$z9781317898191$q(e-book: PDF)
=020  \\$z9781317898184$q(e-book: ePub)
=020  \\$z9781317898177$q(e-book: Mobi)
=020  \\$z9781138836990$q(hardback)
=020  \\$z9780582067011$q(paperback)
=020  \\$a9781315845548 (e-book)
=020  \\$a9781317898177 (e-book: Mobi)
=020  \\$a9781317898184 (e-book: ePub)
=020  \\$a9781138836990 (hardback)
=020  \\$a9780582067011 (paperback)
=024  7\$a10.4324/9781315845548 $2doi
=035  \\$a(OCoLC)897463951
=040  \\$aFlBoTFG$cFlBoTFG$erda$beng
=050  \4$aQE515$b.R65 2013
=082  04$a551.9$bR754
=100  1\$aRollinson, Hugh R.$q(Hugh Richard),$d1949-,$eauthor.
=245  10$aUsing geochemical data :$bevaluation, presentation, interpretation /$cHugh R. Rollinson.
=264  \1$aMilton Park, Abingdon, Oxon :$bRoutledge,$c©2013.
=300  \\$a1 online resource (xxvi, 352 pages) :$billustrations, text file, PDF
=336  \\$atext$2rdacontent
=337  \\$acomputer$2rdamedia
=338  \\$aonline resource$2rdacarrier
=490  1\$aGeochemistry series
=500  \\$aFirst published 1993 by Pearson Education Limited.
=504  \\$aIncludes bibliographical references (p. [316]-343) and index.
=505  0\$ach. 1. Geochemical data -- ch. 2. Analysing geochemical data -- ch. 3. Using major element data -- ch. 4. Using trace element data -- ch. 5. Discriminating between tectonic environments using geochemical data -- ch. 6. Using radiogenic isotope data -- ch. 7. Using stable isotope data.
=530  \\$aAlso available in print format.
=650  \0$aGeochemistry.
=655  \7$aElectronic books.$2lcsh
=776  08$iPrint version: $z9781138836990$q(Hardback)
=793  0\$aTaylor & Francis online monographs (UCSD)
=830  \0$aGeochemistry series.
=856 40$zTaylor & Francis. Restricted to UCSD IP addresses.$uhttps://www.taylorfrancis.com/books/9781317898191

