=LDR  03209cam a2200469Ii 4500
=001  TF9781315505725
=003  FlBoTFG
=005  20180330125217.0
=006  m\\\\\o\\d\\\\\\\\
=007  cr\\\\\\\\\\\\
=008  180331s2018\\\\enka\\\\ob\\\\001\0\eng\d
=020  \\$a9781315505725$q(e-book: PDF)
=020  \\$z9781315505732$q(e-book)
=020  \\$z9781315505701$q(e-book: Mobi)
=020  \\$z9781138201767$q(hardback)
=020  \\$z9781138201774$q(paperback)
=020  \\$a9781315505732 (e-book)
=020  \\$a9781315505701 (e-book: Mobi)
=020  \\$a9781138201767 (hardback)
=020  \\$a9781138201774 (paperback)
=024  7\$a10.4324/9781315505732 $2doi
=035  \\$a(OCoLC)993772394
=040  \\$aFlBoTFG$beng$erda$cFlBoTFG
=050  \4$aLB1051$b.D56 2018
=082  04$a370.15$bD587
=100  1\$aDinsmore, Daniel L.,$eauthor.
=245  10$aStrategic Processing in Education /$cDaniel L. Dinsmore.
=264  \1$aLondon :$bTaylor and Francis,$c©2018.
=300  \\$a1 online resource (xi, 159 pages) :$billustrations, text file, PDF
=336  \\$atext$btxt$2rdacontent
=337  \\$acomputer$bc$2rdamedia
=338  \\$aonline resource$bcr$2rdacarrier
=490  0\$aEd Psych Insights
=504  \\$aIncludes bibliographical references and index.
=505  0\$apart PART I: THE NATURE OF STRATEGIC PROCESSING -- chapter 1 One: What Is Strategic Processing? -- chapter 2 Two: Types of Strategies -- chapter 3 Three: The Development of Strategic Processing -- chapter 4 Four: Domain-General Study and Learning Strategies -- part PART II: STRATEGIC PROCESSING IN ACADEMIC DOMAINS -- chapter 5 Five: Reading Strategies -- chapter 6 Six: Writing Strategies -- chapter 7 Seven: Mathematical Strategies -- chapter 8 Eight: Science Strategies -- chapter 9 Nine: Social Studies Strategies -- part PART III: NURTURING STRATEGIC PROCESSING -- chapter 10 Ten: Influences on Strategy Use -- chapter 11 Eleven: Measuring and Evaluating Strategy Use -- chapter 12 Twelve: Instructional Principles to Enhance Strategy Use.
=520  \\$a"While there are certainly numerous influences on individuals' learning and performance, cognitive strategies are the processes most directly related to making meaningful progress on a learning task or problem. Written by a leading expert on strategic processing, this book situates the topic within the broadifer context of educational psychology research and theory and brings it to a widifer audience. With chapters on the fundamentals of domain-general and domain-specific strategies, connections to other constructs, and advice for instructing students, this concise volume is designed for any education course that includes learning or study strategies in the curriculum. It will be indispensable for student researchers and both pre- and in-service teachers."--Provided by publisher.
=530  \\$aAlso available in print format.
=650  \0$aDevelopmental psychology.
=650  \0$aEducational psychology.
=655  \7$aElectronic books.$2lcsh
=776  08$iPrint version: $z9781138201767$q(Hardback)
=793  0\$aTaylor & Francis online monographs (UCSD)
=856 40$zTaylor & Francis. Restricted to UCSD IP addresses.$uhttps://www.taylorfrancis.com/books/9781315505725

