=LDR  02172cam a2200457Ii 4500
=001  TF9781315308319
=003  FlBoTFG
=005  20180330125217.0
=006  m\\\\\o\\d\\\\\\\\
=007  cr\\\\\\\\\\\\
=008  180331s2017\\\\nyu\\\\\ob\\\\001\0\eng\d
=020  \\$a9781315308302 (e-book: PDF)$q(e-book : PDF)
=020  \\$z9781315308302$q(e-book: PDF)
=020  \\$z9781315308289$q(e-book: Mobi)
=020  \\$z9781138233973$q(hardback)
=020  \\$z9781138233980$q(paperback)
=020  \\$a9781315308319 (e-book)
=020  \\$a9781315308289 (e-book: Mobi)
=020  \\$a9781138233973 (hardback)
=020  \\$a9781138233980 (paperback)
=024  7\$a10.4324/9781315308319 $2doi
=035  \\$a(OCoLC)970042276
=040  \\$aFlBoTFG$cFlBoTFG$erda$beng
=050  \4$aRC488.5$b.C66 2017
=082  04$a616.891562$bC758
=245  00$aConstructivist, critical, and integrative approaches to couples counseling /$cedited by Michael D. Reiter and Ronald J. Chenail.
=264  \1$aNew York, N.Y. :$bRoutledge,$c©2017.
=300  \\$a1 online resource (xii, 185 pages) :$btext file, PDF
=336  \\$atext$btxt$2rdacontent
=337  \\$acomputer$bc$2rdamedia
=338  \\$aonline resource$bcr$2rdacarrier
=504  \\$aIncludes bibliographical references and index.
=505  0\$a1. Counseling couples / Michael D. Reiter -- 2. The case : David and Natalie Johnson / Michael D. Reiter -- 3. Emotionally focused couple therapy / James L. Furrow, Nicholas Lee, and Hannah S. Myung -- 4. Feminist couple therapy / Megan J. Murphy -- 5. Solution-focused couples therapy / Michael D. Reiter -- 6. Narrative couples therapy / Marcela Polanco, Tirzah Shelton, and Catalina Perdomo -- 7. Queer intersectional couple therapy / Sheila Addison.
=530  \\$aAlso available in print format.
=650  \0$aCounseling.
=650  \0$aCouples therapy.
=655  \7$aElectronic books.$2lcsh
=700  1\$aChenail, Ronald J.
=700  1\$aReiter, Michael D.
=776  08$iPrint version: $z9781138233973(Hardback)$w 2016030492
=793  0\$aTaylor & Francis online monographs (UCSD)
=856 40$zTaylor & Francis. Restricted to UCSD IP addresses.$uhttps://www.taylorfrancis.com/books/9781315308302

