=LDR  02503cam a2200529Ii 4500
=001  TF9781315650395
=003  FlBoTFG
=005  20180331111825.0
=006  m\\\\\o\\d\\\\\\\\
=007  cr\\\\\\\\\\\\
=008  180331s2016\\\\enka\\\\ob\\\\001\0\eng\d
=020  \\$a9781317306887 (e-book: PDF)$q(e-book : PDF)
=020  \\$z9781317306887$q(e-book: PDF)
=020  \\$z9781317306870$q(e-book: ePub)
=020  \\$z9781317306863$q(e-book: Mobi)
=020  \\$z9780415726856$q(paperback)
=020  \\$a9781315650395 (e-book)
=020  \\$a9781317306863 (e-book: Mobi)
=020  \\$a9781317306870 (e-book: ePub)
=020  \\$a9780415726856 (paperback)
=024  7\$a10.4324/9781315650395 $2doi
=035  \\$a(OCoLC)1000433191
=040  \\$aFlBoTFG$cFlBoTFG$erda$beng
=041  0\$aeng$aara
=043  \\$aa-sy---$aa-le---
=050  \4$aPJ6818$b.A53 2016
=082  04$a492.782421$bA316
=100  1\$aAl-Masri, Mohammad.,$eauthor.
=245  10$aColloquial Arabic (Levantine) :$bthe complete course for beginners /$cMohammad Al-Masri.
=264  \1$aLondon ;$aNew York :$bRoutledge,$c©2016.
=300  \\$a1 online resource (xxiv, 232 pages) :$billustrations, text file, PDF
=336  \\$atext$2rdacontent
=337  \\$acomputer$2rdamedia
=338  \\$aonline resource$2rdacarrier
=490  1\$aThe colloquial series
=504  \\$aIncludes bibliographical references and index.
=505  0\$a1. ahlan wa sahlan = Welcome! -- 2. haadha il3aalam = This world -- 3. 3eylti = My family -- 4. mish 3aarif = I do not know! -- 5. falaafil wa kabaab = Falafel and kebab -- 6. fii beytna = At our home -- 7. weyn nruuH? = Where shall we go? -- 8. Hayaat iljaam3ah = University life -- 9. fi issuug = At the market -- 10. ilmadiinih il3arabiyyih = The Arab town -- 11. shuu maalak? = What's wrong with you? -- 12. iljaw = The weather -- 13. kurat ilqadam = Football (soccer).
=530  \\$aAlso available in print format.
=546  \\$aIn English and Arabic.
=650  \0$aArabic language$xConversation and phrase books$xEnglish.
=650  \0$aArabic language$xDialects$zLebanon.
=650  \0$aArabic language$xDialects$zSyria.
=650  \0$aArabic language$xTextbooks for foreign speakers$xEnglish.
=655  \7$aElectronic books.$2lcsh
=776  08$iPrint version: $z9780415726856(Paperback)$w 2014038212
=793  0\$aTaylor & Francis online monographs (UCSD)
=830  \0$aColloquial series.
=856 40$zTaylor & Francis. Restricted to UCSD IP addresses.$uhttps://www.taylorfrancis.com/books/9781317306887

