=LDR  02692cam a2200577Ii 4500
=001  TF9781315615806
=003  FlBoTFG
=005  20180331102445.0
=006  m\\\\\o\\d\\\\\\\\
=007  cr\\\\\\\\\\\\
=008  180331r20162015enkaf\\\ob\\\\001\0\eng\d
=020  \\$a9781317034933 (e-book: PDF)$q(e-book : PDF)
=020  \\$z9781317034933$q(e-book: PDF)
=020  \\$z9781317034926$q(e-book: ePub)
=020  \\$z9781317034919$q(e-book: Mobi)
=020  \\$z9781472453716$q(hardback)
=020  \\$a9781315615806 (e-book)
=020  \\$a9781317034919 (e-book: Mobi)
=020  \\$a9781317034926 (e-book: ePub)
=020  \\$a9781472453716 (hardback)
=024  7\$a10.4324/9781315615806 $2doi
=035  \\$a(OCoLC)950005102
=040  \\$aFlBoTFG$cFlBoTFG$erda$beng
=043  \\$an------$as------$af------
=050  \4$aZ286.T8$bY68 2016
=082  04$a910.94$bY76
=100  1\$aYoung, Sandra M.$q(Sandra Michele),$eauthor.
=245  14$aThe early modern global south in print :$btextual form and the production of human difference as knowledge /$cSandra Young.
=264  \1$aLondon ;$aNew York :$bRoutledge,$c©2016.
=300  \\$a1 online resource (xxii, 500  pages) :$billustrations, text file, PDF
=336  \\$atext$2rdacontent
=337  \\$acomputer$2rdamedia
=338  \\$aonline resource$2rdacarrier
=490  1\$aLiterary and scientific cultures of early modernity
=500  \\$aFirst published 2015 by Ashgate Publishing.
=504  \\$aIncludes bibliographical references (p. [185]-200) and index.
=505  0\$a1. Introduction : searching the secrets of nature in the "south" -- 2. Constructing a global south in print -- 3. Picturing new worlds -- 4. Mapping the whole world -- 5. Navigating across oceans -- 6. Making daily notes -- 7. Collecting curiosities -- 8. Reporting on colonial violence -- 9. Editing Africa in the new geographies.
=530  \\$aAlso available in print edition.
=538  \\$aMode of access: World Wide Web.
=650  \0$aAfrica$xDiscovery and exploration.
=650  \0$aAmerica$xDiscovery and exploration.
=650  \0$aCartography in literature.
=650  \0$aDiscoveries in geography$xEuropean.
=650  \0$aNorth and south.
=650  \0$aOther (Philosophy)
=650  \0$aPublisher and publishing$xSocial aspects$xHistory.
=650  \0$aTravelers' writings$xPublishing$xHistory$y16th century.
=655  \7$aElectronic books.$2lcsh
=776  08$iPrint version: $z9781472453716(Hardback)$w 2015014045
=793  0\$aTaylor & Francis online monographs (UCSD)
=830  \0$aLiterary and scientific cultures of early modernity.
=856 40$zTaylor & Francis. Restricted to UCSD IP addresses.$uhttps://www.taylorfrancis.com/books/9781317034933

