=LDR  03255cam a2200517Ii 4500
=001  TF9781315423531
=003  FlBoTFG
=005  20180330125217.0
=006  m\\\\\o\\d\\\\\\\\
=007  cr\\\\\\\\\\\\
=008  180331r20162015enk\\\\\ob\\\\001\0\eng\d
=020  \\$a9781315423524 (e-book: PDF)$q(e-book : PDF)
=020  \\$z9781315423524$q(e-book: PDF)
=020  \\$z9781315423517$q(e-book: ePub)
=020  \\$z9781315423500$q(e-book: Mobi)
=020  \\$z9781629580487$q(hardback)
=020  \\$z9781629580494$q(paperback)
=020  \\$a9781315423531 (e-book)
=020  \\$a9781315423500 (e-book: Mobi)
=020  \\$a9781315423517 (e-book: ePub)
=020  \\$a9781629580487 (hardback)
=020  \\$a9781629580494 (paperback)
=024  7\$a10.4324/9781315423531 $2doi
=035  \\$a(OCoLC)956466754
=040  \\$aFlBoTFG$cFlBoTFG$erda$beng
=050  \4$aRA418$b.D88 2016
=082  04$a362.1$bD979
=100  1\$aDutta, Mohan J.,$eauthor.
=245  10$aNeoliberal health organizing :$bcommunication, meaning, and politics /$cMohan J. Dutta.
=264  \1$aLondon :$bRoutledge,$c©2016.
=300  \\$a1 online resource (265 pages) :$btext file, PDF
=336  \\$atext$btxt$2rdacontent
=337  \\$acomputer$bc$2rdamedia
=338  \\$aonline resource$bcr$2rdacarrier
=490  1\$aCritical cultural studies in global health communication ;$vv. 2
=500  \\$aFirst published 2015 by Left Coast Press, Inc.
=504  \\$aIncludes bibliographical references (p. 243-259) and index.
=505  0\$a1. Neoliberalism and health -- 2. Development communication inverventions and imperialism -- 3. Foundations as neoliberal interventions -- 4. Transnational capital and health -- 5. NGOs, health communication and democracy -- 6. Health as security : crisis, surveillance, and management -- 7. Communication technologies and health -- 8. Epilogue : neoliberal health and alternatives.
=520  \\$a"Mohan J Dutta closely interrogates the communicative forms and practices that have been central to the establishment of neoliberal governance. In particular, he examines cultural discourses of health in relationship to the market and the health implications of these cultural discourses. Using examples from around the world, he explores the roles of public-private partnerships, NGOs, militaries, and new technologies in reinforcing the link between market and health.  Identifying the taken-for-granted assumptions that constitute the foundations of global neoliberal organizing, he offers an alternative strategy for a grassroots-driven participatory form of global organizing of health. This inventive theoretical volume speaks to those in critical communication, in health research, in social policy, and in contemporary political economy studies"--Provided by publisher.
=530  \\$aAlso available in print format.
=650  \0$aPublic health$xSocial aspects.
=650  \0$aSocial medicine.
=655  \7$aElectronic books.$2lcsh
=776  08$iPrint version: $z9781629580487(Hardback)$w 2014048987
=793  0\$aTaylor & Francis online monographs (UCSD)
=830  \0$aCritical cultural studies in global health communication ;$vv. 2.
=856 40$zTaylor & Francis. Restricted to UCSD IP addresses.$uhttps://www.taylorfrancis.com/books/9781315423524

