=LDR  04503cam a2200469Ii 4500
=001  TF9781317182986
=003  FlBoTFG
=005  20180331102445.0
=006  m\\\\\o\\d\\\\\\\\
=007  cr\\\\\\\\\\\\
=008  180331s2018\\\\nyu\\\\\ob\\\\001\0\eng\d
=020  \\$a9781317182986$q(e-book: PDF)
=020  \\$z9781315566450$q(e-book)
=020  \\$z9781317182962$q(e-book: Mobi)
=020  \\$z9781472478177$q(hardback)
=020  \\$a9781315566450 (e-book)
=020  \\$a9781317182962 (e-book: Mobi)
=020  \\$a9781472478177 (hardback)
=024  7\$a10.4324/9781315566450 $2doi
=035  \\$a(OCoLC)1008839058
=040  \\$aDLC$beng$dFlBoTFG$erda$cDLC$dDLC
=050  \4$aHE9776$b.A38 2018
=082  04$a387.7068$bA298
=245  00$aAirline operations :$ba practical guide /$cedited by Peter J Bruce, Yi Gao and John M C King.
=250  \\$aFirst Edition.
=264  \1$aNew York :$bRoutledge,$c©2018.
=300  \\$a1 online resource :$btext file, PDF
=336  \\$atext$2rdacontent
=337  \\$acomputer$2rdamedia
=338  \\$aonline resource$2rdacarrier
=504  \\$aIncludes bibliographical references and index.
=505  0\$aForeword -- Acknowledgements -- Planning for products and customers / John King -- Regulatory framework / Ron Bartsch -- Market, product and customer / Rodney Williams -- Business strategy and airline models for operating managers / John King -- Network design strategies / Markus Franke -- Customer points of contact / Gary Parker -- Airport infrastructure / Christopher Jarvis -- Planning for operations -- Operational environment / Stephen Angus -- Operational planning and control / Steve Buchanan -- Crew planning / Patrick Fennell -- Maintenance planning / Alan Swann -- Airside resource planning / Andrea Roberts -- Facilitation : immigration, customs and quarantine / Samuel Lucas -- Operating the current day -- Ramp operations / Matthew Franzi -- Baggage processes / Rik Movig -- Air cargo processes / Nicholas Donnison -- Aircraft load planning and control / Paul Avery -- Dispatch and flight following / Gene Kim -- Operational safety / John Frearson -- Operating a flight : a pilot's perspective / Nathan Miller -- Operating a flight : a flight attendant's perspective / Jamie Horswell -- Operating a flight : a passenger's perspective / Frank Zimmermann -- Operational disruption management, performance, and the future -- Operational disruptions : causes, strategies and consequences / Peter Bruce -- Operational disruption management / Charles Cunningham -- Changes to the operating environment / Mark Palmer -- Index.
=520  \\$a"Written by an international range of industry practitioners, this book offers a comprehensive overview of the essence and nature of airline operations in terms of an operational and regulatory framework, the myriad of planning activities leading up to the current day, and the nature of intense activity that typifies both normal and disruptive airline operations. The first section outlines the importance of the regulatory framework underpinning airline operations, exploring how airlines structure themselves in terms of network and business model. The second section draws attention to the operational environment, explaining the framework of the air traffic system and processes instigated by operational departments within airlines. The third section presents a comprehensive breakdown of the activities that occur on the actual operating day. The fourth section provides an eye-opener into events that typically go wrong on the operating day and then the means by which airlines try to mitigate these problems. Finally, a glimpse is provided of future systems, processes and technologies likely to be significant in airline operations. Airline Operations: A Practical Guide offers valuable knowledge to industry and academia alike by providing readers with a well-informed and interesting dialogue on critical functions that occur every day within airlines."--Provided by publisher.
=530  \\$aAlso available in print format.
=650  \0$aAirlines$xEconomic aspects.
=650  \0$aAirlines$xManagement.
=655  \7$aElectronic books.$2lcsh
=700  1\$aBruce, Peter J.,$eeditor...
=700  1\$aGao, Yi,$d1982-$eeditor...
=700  1\$aKing, John M. C.,$eeditor...
=776  08$iPrint version: $z9781472478177(Hardback)$w 2017019779
=793  0\$aTaylor & Francis online monographs (UCSD)
=856 40$zTaylor & Francis. Restricted to UCSD IP addresses.$uhttps://www.taylorfrancis.com/books/9781317182986

