=LDR  02328cam a2200469Ii 4500
=001  TF9781315780337
=003  FlBoTFG
=005  20180331111825.0
=006  m\\\\\o\\d\\\\\\\\
=007  cr\\\\\\\\\\\\
=008  180331s2016\\\\enk\\\\\ob\\\\001\0\eng\d
=020  \\$a9781317702191 (e-book: PDF)$q(e-book : PDF)
=020  \\$z9781317702191$q(e-book: PDF)
=020  \\$z9781317702184$q(e-book: ePub)
=020  \\$z9781317702177$q(e-book: Mobi)
=020  \\$z9781138017634$q(hardback)
=020  \\$z9781138017641$q(paperback)
=020  \\$a9781315780337 (e-book)
=020  \\$a9781317702177 (e-book: Mobi)
=020  \\$a9781317702184 (e-book: ePub)
=020  \\$a9781138017634 (hardback)
=020  \\$a9781138017641 (paperback)
=024  7\$a10.4324/9781315780337 $2doi
=035  \\$a(OCoLC)913955856
=040  \\$aFlBoTFG$cFlBoTFG$erda$beng
=050  \4$aHV40$b.H778 2016
=082  04$a361.3$bH894
=100  1\$aHugman, Richard,$d1954-,$eauthor.
=245  10$aSocial development in social work :$bpractices and principles /$cRichard Hugman.
=264  \1$aLondon ;$aNew York :$bRoutledge,$c©2016.
=300  \\$a1 online resource (ix, 181 pages) :$btext file, PDF
=336  \\$atext$2rdacontent
=337  \\$acomputer$2rdamedia
=338  \\$aonline resource$2rdacarrier
=504  \\$aIncludes bibliographical references and index.
=505  0\$a1. What is social development and what is its significance for social work? -- 2. The 'macro-perspective' : the person in the social environment -- 3. Economics, social structures, and social work practice -- 4. Environment and social work practice -- 5. Comparative social work and social welfare -- 6. Social development as international social work -- 7. Social development in 'developed' countries -- 8. Skills, knowledge, and theory for social development practice in social work -- 9. Values and ethics in social development practice -- 10. Advancing social development in social work.
=530  \\$aAlso available in print format.
=650  \0$aSocial planning.
=650  \0$aSocial service.
=655  \7$aElectronic books.$2lcsh
=776  08$iPrint version: $z9781138017634$q(Hardback)$w(DLC) 2015004908
=793  0\$aTaylor & Francis online monographs (UCSD)
=856 40$zTaylor & Francis. Restricted to UCSD IP addresses.$uhttps://www.taylorfrancis.com/books/9781317702191

