=LDR  02408cam a2200469Ii 4500
=001  TF9781315658308
=003  FlBoTFG
=005  20180331111825.0
=006  m\\\\\o\\d\\\\\\\\
=007  cr\\\\\\\\\\\\
=008  180331s2016\\\\nyua\\\\ob\\\\001\0\eng\d
=020  \\$a9781317330653 (e-book: PDF)$q(e-book : PDF)
=020  \\$z9781317330653$q(e-book: PDF)
=020  \\$z9781317330646$q(e-book: ePub)
=020  \\$z9781317330639$q(e-book: Mobi)
=020  \\$z9781138999442$q(hardback)
=020  \\$z9781138999459$q(paperback)
=020  \\$a9781315658308 (e-book)
=020  \\$a9781317330639 (e-book: Mobi)
=020  \\$a9781317330646 (e-book: ePub)
=020  \\$a9781138999442 (hardback)
=020  \\$a9781138999459 (paperback)
=024  7\$a10.4324/9781315658308 $2doi
=035  \\$a(OCoLC)958107993
=040  \\$aFlBoTFG$cFlBoTFG$erda$beng
=050  \4$aRA418.5.T73$bH75 2016
=082  04$a362.1089$bH873
=100  1\$aHsieh, Elaine.,$eauthor.
=245  10$aBilingual health communication :$bworking with interpreters in cross-cultural care /$cElaine Hsieh.
=264  \1$aNew York ;$aLondon :$bRoutledge,$c©2016.
=300  \\$a1 online resource (viii, 364 pages) :$billustrations, text file, PDF
=336  \\$atext$2rdacontent
=337  \\$acomputer$2rdamedia
=338  \\$aonline resource$2rdacarrier
=504  \\$aIncludes bibliographical references and index.
=505  0\$a1. Interpreter-mediated medical encounters as a field of research -- 2. Emerging trends and corresponding challenges in bilingual health research -- 3. Innovative research designs to advance theory and practice -- 4. Conceptualizing interpreters in bilingual health communication -- 5. Model of bilingual health communication -- 6. Interpreters' perception and management of competing goals -- 7. Clinical demands and interpersonal relationships in bilingual health care -- 8. Interpreter-mediated encounters as goal-oriented communicative activity -- 9. Moving forward : theory development and practice recommendations.
=530  \\$aAlso available in print format.
=650  \0$aMultilingual communication.
=650  \0$aTranscultural medical care.
=655  \7$aElectronic books.$2lcsh
=776  08$iPrint version: $z9781138999442(Hardback)$w 2015030079
=793  0\$aTaylor & Francis online monographs (UCSD)
=856 40$zTaylor & Francis. Restricted to UCSD IP addresses.$uhttps://www.taylorfrancis.com/books/9781317330653

