=LDR  02124cam a2200493Ii 4500
=001  TF9781315666020
=003  FlBoTFG
=005  20180331111825.0
=006  m\\\\\o\\d\\\\\\\\
=007  cr\\\\\\\\\\\\
=008  180331s2017\\\\enk\\\\\ob\\\\001\0\eng\d
=020  \\$a9781317353874 (e-book: PDF)$q(e-book : PDF)
=020  \\$z9781317353874$q(e-book: PDF)
=020  \\$z9781317353850$q(e-book: Mobi)
=020  \\$z9781138955851$q(hardback)
=020  \\$z9781138955868$q(paperback)
=020  \\$a9781315666020 (e-book)
=020  \\$a9781317353850 (e-book: Mobi)
=020  \\$a9781138955851 (hardback)
=020  \\$a9781138955868 (paperback)
=024  7\$a10.4324/9781315666020 $2doi
=035  \\$a(OCoLC)965826806
=040  \\$aFlBoTFG$cFlBoTFG$erda$beng
=043  \\$ad------
=050  \4$aHD2741$b.C775525 2017
=082  04$a338.6091724$bC822
=245  00$aCorporate governance in developing and emerging markets /$cedited by Franklin N. Ngwu, Onyeka K. Osuji, and Frank H. Stephen.
=250  \\$aFirst edition.
=264  \1$aLondon ;$aNew York :$bRoutledge,$c©2017.
=300  \\$a1 online resource (xvii, 341 pages) :$btext file, PDF
=336  \\$atext$2rdacontent
=337  \\$acomputer$2rdamedia
=338  \\$aonline resource$2rdacarrier
=504  \\$aIncludes bibliographical references and index.
=505  0\$apt. a. Introduction -- pt. b. Models of corporate governance -- pt. c. Corporate governance in the BRICS and MINT countries -- pt. d. Critical issues for corporate governance in developing and emerging markets -- pt. e. Conclusion.
=530  \\$aAlso available in print format.
=650  \0$aBusiness enterprises$xLaw and legislation$zDeveloping countries.
=650  \0$aCorporate governance$zDeveloping countries.
=655  \7$aElectronic books.$2lcsh
=700  1\$aNgwu, Franklin N.,$d1975-
=700  1\$aOsuji, Onyeka.
=700  1\$aStephen, Frank H.,$d1946-
=776  08$iPrint version: $z9781138955851(Hardback)$w 2016030758
=793  0\$aTaylor & Francis online monographs (UCSD)
=856 40$zTaylor & Francis. Restricted to UCSD IP addresses.$uhttps://www.taylorfrancis.com/books/9781317353874

