=LDR  03304cam a2200493Ii 4500
=001  TF9781912281336
=003  FlBoTFG
=005  20180331102445.0
=006  m\\\\\o\\d\\\\\\\\
=007  cr\\\\\\\\\\\\
=008  180331s2017\\\\enk\\\\\ob\\\\000\0\eng\d
=020  \\$a9781912281336$q(e-book)
=020  \\$a9781351350839$q(e-book: PDF)
=020  \\$z9781351354417$q(e-book: Mobi)
=020  \\$z9781912302451$q(hardback)
=020  \\$z9781912127474$q(paperback)
=020  \\$a9781351354417 (e-book: Mobi)
=020  \\$a9781912302451 (hardback)
=020  \\$a9781912127474 (paperback)
=024  7\$a10.4324/9781912281336 $2doi
=035  \\$a(OCoLC)993544025
=040  \\$aFlBoTFG$beng$dFlBoTFG$erda$cFlBoTFG
=050  \4$aDD256.5$b.C43 2017
=082  04$a943.086$bC467
=100  1\$aChappel, James,$eauthor.
=245  10$aOrdinary Men :$bReserve Police Battalion 101 and the Final Solution in Poland /$cJames Chappel with  Tom Stammers.
=250  \\$aFirst edition.
=264  \1$aLondon :$bTaylor and Francis,$c©2017.
=300  \\$a1 online resource :$btext file, PDF
=336  \\$atext$2rdacontent
=337  \\$acomputer$2rdamedia
=338  \\$aonline resource$2rdacarrier
=490  0\$aThe Macat Library. History
=504  \\$aIncludes bibliographical references.
=520  \\$a"Of all the controversies facing historians today, few are more divisive or more important than the question of how the Holocaust was possible. What led thousands of Germans--many of them middle-aged reservists with, apparently, little Nazi zeal--to willingly commit acts of genocide? Was it ideology? Was there something rotten in the German soul? Or was it--as Christopher Browning argues in this highly influential book--more a matter of conformity, a response to intolerable social and psychological pressure? Ordinary Men is a microhistory, the detailed study of a single unit in the Nazi killing machine. Browning evaluates a wide range of evidence to seek to explain the actions of the "ordinary men" who made up reserve Police Battalion 101, taking advantage of the wide range of resources prepared in the early 1960s for a proposed war crimes trial. He concludes that his subjects were not "evil;" rather, their actions are best explained by a desire to be part of a team, not to shirk responsibility that would otherwise fall on the shoulders of comrades, and a willingness to obey authority. Browning's ability to explore the strengths and weaknesses of arguments--both the survivors' and other historians'--is what sets his work apart from other studies that have attempted to get to the root of the motivations for the Holocaust, and it is also what marks Ordinary Men as one of the most important works of its generation."--Provided by publisher.
=530  \\$aAlso available in print format.
=600  10$aBrowning, Christopher R.$tOrdinary men.
=650  \0$aHolocaust, Jewish (1939-1945)
=650  \0$aWorld War, 1939-1945$vPersonal narratives, German.
=650  \0$aWorld War, 1939-1945$xAtrocities.
=655  \7$aElectronic books.$2lcsh
=700  1\$aStammers, Tom,$eauthor.
=776  08$iPrint version: $z9781912302451(Hardback)
=793  0\$aTaylor & Francis online monographs (UCSD)
=856 40$zTaylor & Francis. Restricted to UCSD IP addresses.$uhttps://www.taylorfrancis.com/books/9781351350839

