=LDR  02126cam a2200529Ii 4500
=001  TF9781315514574
=003  FlBoTFG
=005  20180331102445.0
=006  m\\\\\o\\d\\\\\\\\
=007  cr\\\\\\\\\\\\
=008  180331s2017\\\\enka\\\\ob\\\\001\0\eng\d
=020  \\$a9781315514567 (e-book: PDF)$q(e-book : PDF)
=020  \\$z9781315514567$q(e-book: PDF)
=020  \\$z9781315514543$q(e-book: Mobi)
=020  \\$z9781138673861$q(hardback)
=020  \\$z9781138673878$q(paperback)
=020  \\$a9781315514574 (e-book)
=020  \\$a9781315514543 (e-book: Mobi)
=020  \\$a9781138673861 (hardback)
=020  \\$a9781138673878 (paperback)
=024  7\$a10.4324/9781315514574 $2doi
=035  \\$a(OCoLC)959978621
=040  \\$aFlBoTFG$cFlBoTFG$erda$beng
=043  \\$ae------
=050  \4$aHN380.Z9$bR3575 2017
=082  04$a320.5094$bP831
=245  04$aThe populist radical right :$ba reader /$cedited by Cas Mudde.
=264  \1$aLondon ;$aNew York :$bRoutledge,$c©2017.
=300  \\$a1 online resource :$billustrations, text file, PDF
=336  \\$atext$2rdacontent
=337  \\$acomputer$2rdamedia
=338  \\$aonline resource$2rdacarrier
=490  1\$aRoutledge studies in extremism and democracy
=504  \\$aIncludes bibliographical references and index.
=505  0\$apt. 1. Ideology and issues -- pt. 2. Parties, organizations and subcultures -- pt. 3. Leaders, members and voters -- pt. 4. Causes -- pt. 5. Consequences -- pt. 6. Responses.
=530  \\$aAlso available in print format.
=538  \\$aMode of access: World Wide Web.
=650  \0$aConservatism$zEurope.
=650  \0$aPolitical parties$zEurope.
=650  \0$aPopulism$zEurope.
=650  \0$aRight-wing extremists$zEurope.
=651  \0$aEurope$xPolitics and government$y1989-
=655  \7$aElectronic books.$2lcsh
=700  1\$aMudde, Cas.
=776  08$iPrint version: $z9781138673861(Hardback)$w 2016020508
=793  0\$aTaylor & Francis online monographs (UCSD)
=830  \0$aRoutledge studies in extremism and democracy.
=856 40$zTaylor & Francis. Restricted to UCSD IP addresses.$uhttps://www.taylorfrancis.com/books/9781315514567

