=LDR  02132cam a2200445Ii 4500
=001  TF9781315676869
=003  FlBoTFG
=005  20180331111825.0
=006  m\\\\\o\\d\\\\\\\\
=007  cr\\\\\\\\\\\\
=008  180331s2017\\\\nyua\\\\ob\\\\001\0\eng\d
=020  \\$a9781317386452 (e-book: PDF)$q(e-book : PDF)
=020  \\$z9781317386452$q(e-book: PDF)
=020  \\$z9781317386438$q(e-book: Mobi)
=020  \\$z9781138936409$q(hardback)
=020  \\$z9781138936430$q(paperback)
=020  \\$a9781315676869 (e-book)
=020  \\$a9781317386438 (e-book: Mobi)
=020  \\$a9781138936409 (hardback)
=020  \\$a9781138936430 (paperback)
=024  7\$a10.4324/9781315676869 $2doi
=035  \\$a(OCoLC)972083998
=040  \\$aFlBoTFG$cFlBoTFG$erda$beng
=050  \4$aRC488.5$b.B44 2017
=082  04$a616.891562$bB419
=245  00$aBehavioral, humanistic-existential, and psychodynamic approaches to couples counseling /$cedited by Michael D. Reiter and Ronald J. Chenail.
=264  \1$aNew York, N.Y. :$bRoutledge,$c©2017.
=300  \\$a1 online resource (xii, 182 pages) :$billustrations, text file, PDF
=336  \\$atext$2rdacontent
=337  \\$acomputer$2rdamedia
=338  \\$aonline resource$2rdacarrier
=504  \\$aIncludes bibliographical references and index.
=505  0\$a1. Couples counseling / Michael D. Reiter -- 2. The case : David and Natalie Johnson / Michael D. Reiter -- 3. Psychodynamic couples counseling / Albert J. Brok -- 4. Adlerian couples therapy / Jon Carlson, Leigh Johnson-Migalski, and Ebony Spriggs -- 5. Cognitive behavioral couple therapy / Terence Patterson -- 6. Gottman method couples therapy / Vagdevi Meunier -- 7. Imago relationship therapy / Wade Luquet.
=530  \\$aAlso available in print format.
=650  \0$aCouples therapy$xMethodology.
=655  \7$aElectronic books.$2lcsh
=700  1\$aChenail, Ronald J.
=700  1\$aReiter, Michael D.
=776  08$iPrint version: $z9781138936409(Hardback)$w 2016030423
=793  0\$aTaylor & Francis online monographs (UCSD)
=856 40$zTaylor & Francis. Restricted to UCSD IP addresses.$uhttps://www.taylorfrancis.com/books/9781317386452

