=LDR  01998cam a2200493Ii 4500
=001  TF9781315884172
=003  FlBoTFG
=005  20180331111825.0
=006  m\\\\\o\\d\\\\\\\\
=007  cr\\\\\\\\\\\\
=008  180331s2016\\\\nyu\\\\\ob\\\\001\0\eng\d
=020  \\$a9781134660964 (e-book: PDF)$q(e-book : PDF)
=020  \\$z9781134660964$q(e-book: PDF)
=020  \\$z9781134661039$q(e-book: ePub)
=020  \\$z9781134661107$q(e-book: Mobi)
=020  \\$z9780415712231$q(hardback)
=020  \\$z9780415712248$q(paperback)
=020  \\$a9781315884172 (e-book)
=020  \\$a9781134661107 (e-book: Mobi)
=020  \\$a9781134661039 (e-book: ePub)
=020  \\$a9780415712231 (hardback)
=020  \\$a9780415712248 (paperback)
=024  7\$a10.4324/9781315884172 $2doi
=035  \\$a(OCoLC)937719357
=040  \\$aFlBoTFG$cFlBoTFG$erda$beng
=050  \4$aHM742$b.M457 2016
=082  04$a302.231$bM512
=100  1\$aMeikle, Graham,$d1965-,$eauthor.
=245  10$aSocial media :$bcommunication, sharing and visibility /$cGraham Meikle.
=264  \1$aNew York ;$aLondon :$bRoutledge,$c©2016.
=300  \\$a1 online resource (xvi, 170 pages) :$btext file, PDF
=336  \\$atext$2rdacontent
=337  \\$acomputer$2rdamedia
=338  \\$aonline resource$2rdacarrier
=504  \\$aIncludes bibliographical references and index.
=505  0\$a1. What are social media? -- 2. The sharing industry -- 3. Remix cultures -- 4. Convergence and the limits of citizen journalism -- 5. TMI -- 6. Distributed citizenship.
=530  \\$aAlso available in print format.
=650  \0$aCitizen journalism.
=650  \0$aOnline social networks.
=650  \0$aSocial media$xMoral and ethical aspects.
=650  \0$aSocial media.
=655  \7$aElectronic books.$2lcsh
=776  08$iPrint version: $z9780415712231$q(Hardback)$w(DLC) 2015030076
=793  0\$aTaylor & Francis online monographs (UCSD)
=856 40$zTaylor & Francis. Restricted to UCSD IP addresses.$uhttps://www.taylorfrancis.com/books/9781134660964

