=LDR  03393cam a2200553Ii 4500
=001  TF9781315736563
=003  FlBoTFG
=005  20180331111825.0
=006  m\\\\\o\\d\\\\\\\\
=007  cr\\\\\\\\\\\\
=008  180331s2016\\\\enka\\\\ob\\\\001\0\eng\d
=020  \\$a9781317567387 (e-book: PDF)$q(e-book : PDF)
=020  \\$z9781317567387$q(e-book: PDF)
=020  \\$z9781317567370$q(e-book: ePub)
=020  \\$z9781317567363$q(e-book: Mobi)
=020  \\$z9781138831452$q(hardback)
=020  \\$z9781138477414$q(paperback)
=020  \\$a9781315736563 (e-book)
=020  \\$a9781317567363 (e-book: Mobi)
=020  \\$a9781317567370 (e-book: ePub)
=020  \\$a9781138831452 (hardback)
=020  \\$a9781138477414 (paperback)
=024  7\$a10.4324/9781315736563 $2doi
=035  \\$a(OCoLC)950459642
=035  \\$a(OCoLC)951551687
=040  \\$aFlBoTFG$cFlBoTFG$erda$beng
=043  \\$aa------
=050  \4$aHQ2044.A78$bL54 2016
=082  04$a302.23095$bL722
=245  00$aLifestyle media :$bconsumption, aspiration and identity /$cedited by Fran Martin and Tania Lewis.
=264  \1$aAbingdon, Oxon ;$aNew York, N.Y. :$bRoutledge,$c©2016.
=300  \\$a1 online resource (xvi, 204 pages) :$billustrations, text file, PDF
=336  \\$atext$2rdacontent
=337  \\$acomputer$2rdamedia
=338  \\$aonline resource$2rdacarrier
=490  1\$aMedia, culture and social change in Asia ;$v45
=504  \\$aIncludes bibliographical references and index.
=505  0\$a1. Lifestyle media in Asia : consumption, aspiration and identity / Fran Martin and Tania Lewis -- 2. Neoliberal capitalism and media representation in Korean television series : subversion and sustainability / Sun Jung -- 3. Family, aesthetic authority and class identity in the shadow of neoliberal modernity : the cultural politics of China's exchanging spaces / Wu Jing -- 4. Mediatization of yangsheng : the political and cultural economy of health education through media in China / Wanning Sun -- 5. The pink ribbon campaign in Chinese fashion magazines : celebrity, luxury lifestyles and consumerism / Yue Gao -- 6. Empresses in the palace and the "neoliberalization through China" project in Taiwan / Fang-Chih Irene Yang -- 7. Media and cultural cosmopolitanism : Asian women in transnational flows / Youna Kim -- 8. Differential (im)mobilities : imaginative transnationalism in Taiwanese women's travel TV / Fran Martin -- 9. Locating the mobile : intergenerational locative media in Tokyo, Shanghai and Melbourne / Larissa Hjorth ... [et al.] -- 10. Dishing up diversity? : class, aspirationalism and Indian food television / Tania Lewis -- 11. Islam's got talent : television, performance and the Islamic public sphere in Malaysia / Bart Barendregt adn Chris Hudson.
=530  \\$aAlso available in print format.
=650  \0$aConsumers$zAsia.
=650  \0$aIdentity (Psychology) and mass media$zAsia.
=650  \0$aLifestyles$zAsia.
=650  \0$aMass media$xSocial aspects$zAsia.
=655  \7$aElectronic books.$2lcsh
=700  1\$aLewis, Tania.
=700  1\$aMartin, Fran,$d1971-
=776  08$iPrint version: $z9781138831452$q(Hardback)$w(DLC)  2015041237
=793  0\$aTaylor & Francis online monographs (UCSD)
=830  \0$aMedia, culture, and social change in Asia series ;$v45.
=856 40$zTaylor & Francis. Restricted to UCSD IP addresses.$uhttps://www.taylorfrancis.com/books/9781317567387

