=LDR  02027cam a2200493Ii 4500
=001  TF9781315669694
=003  FlBoTFG
=005  20180331111825.0
=006  m\\\\\o\\d\\\\\\\\
=007  cr\\\\\\\\\\\\
=008  180331s2015\\\\enkab\\\ob\\\\001\0\eng\d
=020  \\$a9781317364887 (e-book: PDF)$q(e-book : PDF)
=020  \\$z9781317364887$q(e-book: PDF)
=020  \\$z9781317364870$q(e-book: ePub)
=020  \\$z9781317364863$q(e-book: Mobi)
=020  \\$z9781138948112$q(hardback)
=020  \\$a9781315669694 (e-book)
=020  \\$a9781317364863 (e-book: Mobi)
=020  \\$a9781317364870 (e-book: ePub)
=020  \\$a9781138948112 (hardback)
=024  7\$a10.4324/9781315669694 $2doi
=035  \\$a(OCoLC)958108295
=040  \\$aFlBoTFG$cFlBoTFG$erda$beng
=043  \\$ae-uk---
=050  \4$aTJ461$b.K58 2015
=082  04$a621.1$bK625
=100  1\$aKitsikopoulos, Harry.,$eauthor.
=245  10$aInnovation and technological diffusion :$ban economic history of early steam engines /$cHarry Kitsikopoulos.
=264  \1$aLondon ;$aNew York :$bRoutledge,$c©2015.
=300  \\$a1 online resource (xvi, 186 pages) :$billustrations, text file, PDF
=336  \\$atext$2rdacontent
=337  \\$acomputer$2rdamedia
=338  \\$aonline resource$2rdacarrier
=490  1\$aRoutledge explorations in economic history ;$v74
=504  \\$aIncludes bibliographical references and index.
=505  0\$apt. 1. Innovation -- pt. 2. The diffusion of Newcomen engines, 1706-73.
=530  \\$aAlso available in print format.
=650  \0$aIndustrial revolution$zGreat Britain$xHistory.
=650  \0$aSteam-engines$xHistory.
=650  \0$aTechnological innovations$xEconomic aspects$zGreat Britain.
=655  \7$aElectronic books.$2lcsh
=776  08$iPrint version: $z9781138948112(Hardback)$w 2015018634
=793  0\$aTaylor & Francis online monographs (UCSD)
=830  \0$aRoutledge explorations in economic history ;$v74.
=856 40$zTaylor & Francis. Restricted to UCSD IP addresses.$uhttps://www.taylorfrancis.com/books/9781317364887

