=LDR  02324cam a2200553Ii 4500
=001  TF9781315606033
=003  FlBoTFG
=005  20180330125217.0
=006  m\\\\\o\\d\\\\\\\\
=007  cr\\\\\\\\\\\\
=008  180331s2016\\\\enka\\\\ob\\\\001\0\eng\d
=020  \\$a9781317064244 (e-book: PDF)$q(e-book : PDF)
=020  \\$z9781317064244$q(e-book: PDF)
=020  \\$z9781317064237$q(e-book: ePub)
=020  \\$z9781317064220$q(e-book: Mobi)
=020  \\$z9781472421753$q(hardback)
=020  \\$z9781472421760$q(paperback)
=020  \\$a9781315606033 (e-book)
=020  \\$a9781317064220 (e-book: Mobi)
=020  \\$a9781317064237 (e-book: ePub)
=020  \\$a9781472421753 (hardback)
=020  \\$a9781472421760 (paperback)
=024  7\$a10.4324/9781315606033 $2doi
=035  \\$a(OCoLC)953692533
=040  \\$aFlBoTFG$cFlBoTFG$erda$beng
=043  \\$ae-uk-en
=050  \4$aPR428.F45$bR48 2016
=082  04$a820.93522$bR438
=245  00$aRethinking feminism in early modifern studies :$bgendifer, race, and sexuality /$cedited by Ania Loomba and Melissa E. Sanchez.
=264  \1$aLondon ;$aNew York :$bRoutledge,$c©2016.
=300  \\$a1 online resource (xiii, 275 pages) :$billustrations, text file, PDF
=336  \\$atext$btxt$2rdacontent
=337  \\$acomputer$bc$2rdamedia
=338  \\$aonline resource$bcr$2rdacarrier
=490  1\$aWomen and gendifer in the early modifern world
=504  \\$aIncludes bibliographical references and index.
=505  0\$aSection 1. Histories -- Section 2. Methods -- Section 3. Bodies -- Section 4. Agency.
=530  \\$aAlso available in print format.
=650  \0$aEnglish literature$yEarly modifern, 1500-1700$xHistory and criticism.
=650  \0$aFeminism and literature$zGreat Britain$xHistory$y16th century.
=650  \0$aFeminism and literature$zGreat Britain$xHistory$y17th century.
=650  \0$aFeminism in literature.
=650  \0$aSex role in literature.
=655  \7$aElectronic books.$2lcsh
=700  1\$aLoomba, Ania.
=700  1\$aSanchez, Melissa E.
=776  08$iPrint version: $z9781472421753(Hardback)$w 2015038234
=793  0\$aTaylor & Francis online monographs (UCSD)
=830  \0$aWomen and gendifer in the early modifern world.
=856 40$zTaylor & Francis. Restricted to UCSD IP addresses.$uhttps://www.taylorfrancis.com/books/9781317064244

