=LDR  02315cam a2200505Ii 4500
=001  TF9781315649627
=003  FlBoTFG
=005  20180331111825.0
=006  m\\\\\o\\d\\\\\\\\
=007  cr\\\\\\\\\\\\
=008  180331s2017\\\\enk\\\\\ob\\\\001\0\eng\d
=020  \\$a9781317304579 (e-book: PDF)$q(e-book : PDF)
=020  \\$z9781317304579$q(e-book: PDF)
=020  \\$z9781317304562$q(e-book: ePub)
=020  \\$z9781317304555$q(e-book: Mobi)
=020  \\$z9781138122666$q(hardback)
=020  \\$z9781138122673$q(paperback)
=020  \\$a9781315649627 (e-book)
=020  \\$a9781317304555 (e-book: Mobi)
=020  \\$a9781317304562 (e-book: ePub)
=020  \\$a9781138122666 (hardback)
=020  \\$a9781138122673 (paperback)
=024  7\$a10.4324/9781315649627 $2doi
=035  \\$a(OCoLC)954480964
=040  \\$aFlBoTFG$cFlBoTFG$erda$beng
=043  \\$ae-uk---
=050  \4$aKD674$b.H833 2017
=082  04$a346.42004$bH886
=100  1\$aHudson, Alastair.,$eauthor.
=245  10$aUnderstanding equity & trusts /$cAlastair Hudson.
=246  3\$aUnderstanding equity and trusts
=250  \\$aSixth edition.
=264  \1$aAbingdon, Oxon ;$aNew York, N.Y. :$bRoutledge,$c©2017.
=300  \\$a1 online resource (xxi, 253 pages) :$btext file, PDF
=336  \\$atext$2rdacontent
=337  \\$acomputer$2rdamedia
=338  \\$aonline resource$2rdacarrier
=504  \\$aIncludes bibliographical references (p. [247]-248) and index.
=505  0\$a1. The principles of equity -- 2. The nature of the trust -- 3. The settlor : certainties and formalities -- 4. The beneficiary's rights -- 5. The trustee's duties -- 6. Resulting trusts -- 7. Constructive trusts -- 8. Equitable estoppel -- 9. Trusts of land and of the home -- 10. Breach of trust, strangers, and tracing -- 11. Quistclose trusts and commercial trusts -- 12. Charities -- 13. Injunctions and other equitable remedies -- 14. Themes in equity.
=530  \\$aAlso available in print format.
=650  \0$aEquity$zGreat Britain.
=650  \0$aTrusts and trustees$zGreat Britain.
=655  \7$aElectronic books.$2lcsh
=776  08$iPrint version: $z9781138122666(Hardback)$w 2016010429
=793  0\$aTaylor & Francis online monographs (UCSD)
=856 40$zTaylor & Francis. Restricted to UCSD IP addresses.$uhttps://www.taylorfrancis.com/books/9781317304579

