=LDR  02673cam a2200553Ii 4500
=001  TF9781315672908
=003  FlBoTFG
=005  20180331111825.0
=006  m\\\\\o\\d\\\\\\\\
=007  cr\\\\\\\\\\\\
=008  180331s2016\\\\enkabd\\ob\\\\001\0\eng\d
=020  \\$a9781317374565 (e-book: PDF)$q(e-book : PDF)
=020  \\$z9781317374565$q(e-book: PDF)
=020  \\$z9781317374558$q(e-book: ePub)
=020  \\$z9781317374541$q(e-book: Mobi)
=020  \\$z9781138776661$q(hardback)
=020  \\$z9781138776753$q(paperback)
=020  \\$a9781315672908 (e-book)
=020  \\$a9781317374541 (e-book: Mobi)
=020  \\$a9781317374558 (e-book: ePub)
=020  \\$a9781138776661 (hardback)
=020  \\$a9781138776753 (paperback)
=024  7\$a10.4324/9781315672908 $2doi
=035  \\$a(OCoLC)958108233
=040  \\$aFlBoTFG$cFlBoTFG$erda$beng
=050  \4$aGN406$b.G56 2016
=082  04$a306.46$bG562
=245  04$aThe global lives of things :$bthe material culture of connections in the early modern world /$cedited by Anne Gerritsen and Giorgio Riello.
=264  \1$aLondon ;$aNew York :$bRoutledge,$c©2016.
=300  \\$a1 online resource (xvi, 265 pages) :$billustrations, text file, PDF
=336  \\$atext$2rdacontent
=337  \\$acomputer$2rdamedia
=338  \\$aonline resource$2rdacarrier
=504  \\$aIncludes bibliographical references and index.
=505  0\$apt. 1. Objects of global knowledge -- pt. 2. Objects of global connections -- pt. 3. Objects of global consumption.
=520  \\$a"The global lives of things considers the ways in which 'things,' ranging from commodities, to works of art and precious materials, participated in the shaping of 'globalisation' in the early modern period. This volume traces the movements of objects through human networks of commerce, colonialism and curiosity. It argues that material objects mediated between the forces of global economic exchange and the constantly changing identities of individuals, as they were drawn into global circuits"--Provided by publisher.
=530  \\$aAlso available in print format.
=650  \0$aColonies$xHistory.
=650  \0$aCommerce$xHistory.
=650  \0$aEconomic history.
=650  \0$aGlobalization$xHistory.
=650  \0$aHistory, Modern.
=650  \0$aMaterial culture$xHistory.
=650  \0$aSocial networks$xHistory.
=655  \7$aElectronic books.$2lcsh
=700  1\$aGerritsen, Anne.
=700  1\$aRiello, Giorgio.
=776  08$iPrint version: $z9781138776661(Hardback)$w  2015019553
=793  0\$aTaylor & Francis online monographs (UCSD)
=856 40$zTaylor & Francis. Restricted to UCSD IP addresses.$uhttps://www.taylorfrancis.com/books/9781317374565

