=LDR  02279cam a2200481Ii 4500
=001  TF9781315749051
=003  FlBoTFG
=005  20180331111825.0
=006  m\\\\\o\\d\\\\\\\\
=007  cr\\\\\\\\\\\\
=008  180331s2016\\\\nyu\\\\\ob\\\\001\0\eng\d
=020  \\$a9781317607946 (e-book: PDF)$q(e-book : PDF)
=020  \\$z9781317607946$q(e-book: PDF)
=020  \\$z9781317607939$q(e-book: ePub)
=020  \\$z9781317607922$q(e-book: Mobi)
=020  \\$z9781138812017$q(hardback)
=020  \\$a9781315749051 (e-book)
=020  \\$a9781317607922 (e-book: Mobi)
=020  \\$a9781317607939 (e-book: ePub)
=020  \\$a9781138812017 (hardback)
=024  7\$a10.4324/9781315749051 $2doi
=035  \\$a(OCoLC)927103591
=040  \\$aFlBoTFG$cFlBoTFG$erda$beng
=050  \4$aRC1230$b.M383 2016
=082  04$a174.2971027$bM478
=100  1\$aMcDermott, Vanessa.,$eauthor.
=245  14$aThe war on drugs in sport :$bmoral panics and organizational legitimacy /$cVanessa McDermott.
=250  \\$aFirst edition.
=264  \1$aNew York :$bRoutledge,$c©2016.
=300  \\$a1 online resource (xv, 272 pages) :$btext file, PDF
=336  \\$atext$2rdacontent
=337  \\$acomputer$2rdamedia
=338  \\$aonline resource$2rdacarrier
=490  1\$aRoutledge research in sport, culture and society ;$v57
=504  \\$aIncludes bibliographical references and index.
=505  0\$aIntroduction -- Locating legitimacy and moral panics -- Historical overview:  The International Olympic Committee, legitimacy and doping -- The world anti-doping agency:  Legitimacy and a moral panic -- The Australian Football League:  Legitimating the war on drugs in sport -- Mediating legitimacy and moral panics -- Legitimacy, doping and the grassroots sporting community -- Conclusion.
=530  \\$aAlso available in print format.
=650  \0$aDoping in sports$xMoral and ethical aspects.
=650  \0$aSports medicine$xMoral and ethical aspects.
=655  \7$aElectronic books.$2lcsh
=776  08$iPrint version: $z9781138812017$q(Hardback)$w(DLC) 2015027611
=793  0\$aTaylor & Francis online monographs (UCSD)
=830  \0$aRoutledge research in sport, culture and society ;$v57.
=856 40$zTaylor & Francis. Restricted to UCSD IP addresses.$uhttps://www.taylorfrancis.com/books/9781317607946

