=LDR  02190cam a2200517Ii 4500
=001  TF9781315718286
=003  FlBoTFG
=005  20180331111825.0
=006  m\\\\\o\\d\\\\\\\\
=007  cr\\\\\\\\\\\\
=008  180331s2016\\\\enkab\\\ob\\\\001\0\eng\d
=020  \\$a9781317512530 (e-book: PDF)$q(e-book : PDF)
=020  \\$z9781317512530$q(e-book: PDF)
=020  \\$z9781317512523$q(e-book: ePub)
=020  \\$z9781317512516$q(e-book: Mobi)
=020  \\$z9781138857971$q(hardback)
=020  \\$a9781315718286 (e-book)
=020  \\$a9781317512516 (e-book: Mobi)
=020  \\$a9781317512523 (e-book: ePub)
=020  \\$a9781138857971 (hardback)
=024  7\$a10.4324/9781315718286 $2doi
=035  \\$a(OCoLC)958108194
=040  \\$aFlBoTFG$cFlBoTFG$erda$beng
=043  \\$aa-cc---
=050  \4$aHM548$b.S6135 2016
=082  04$a306.0951$bS678
=245  00$aSocial economy in China and the world /$cedited by Ngai Pun .. [et al.].
=264  \1$aLondon ;$aNew York :$bRoutledge,$c©2016.
=300  \\$a1 online resource (xvii, 290 pages) :$billustrations, text file, PDF
=336  \\$atext$2rdacontent
=337  \\$acomputer$2rdamedia
=338  \\$aonline resource$2rdacarrier
=490  1\$aRoutledge research on social work, social policy and social development in greater China ;$v4
=504  \\$aIncludes bibliographical references and index.
=505  0\$apt. 1. Rethinking economy -- pt. 2. Social economy in the world -- pt. 3. Social economy in Chinese societies.
=530  \\$aAlso available in print format.
=650  \0$aEconomic development$xSocial aspects$zChina.
=650  \0$aEconomic development$xSocial aspects.
=650  \0$aEconomics$xSociological aspects.
=651  \0$aChina$xEconomic conditions.
=651  \0$aChina$xSocial conditions.
=655  \7$aElectronic books.$2lcsh
=700  1\$aPun, Ngai,$d1970-
=776  08$iPrint version: $z9781138857971$q(Hardback)$w(DLC) 2015004948
=793  0\$aTaylor & Francis online monographs (UCSD)
=830  \0$aRoutledge research on social work, social policy and social development in greater China ;$v4.
=856 40$zTaylor & Francis. Restricted to UCSD IP addresses.$uhttps://www.taylorfrancis.com/books/9781317512530

