=LDR  03368cam a2200493Ii 4500
=001  TF9781315674315
=003  FlBoTFG
=005  20180331111825.0
=006  m\\\\\o\\d\\\\\\\\
=007  cr\\\\\\\\\\\\
=008  180331s2016\\\\enka\\\\ob\\\\001\0\eng\d
=020  \\$a9781317378808 (e-book: PDF)$q(e-book : PDF)
=020  \\$z9781317378808$q(e-book: PDF)
=020  \\$z9781317378792$q(e-book: ePub)
=020  \\$z9781317378785$q(e-book: Mobi)
=020  \\$z9781138940505$q(hardback)
=020  \\$a9781315674315 (e-book)
=020  \\$a9781317378785 (e-book: Mobi)
=020  \\$a9781317378792 (e-book: ePub)
=020  \\$a9781138940505 (hardback)
=024  7\$a10.4324/9781315674315 $2doi
=035  \\$a(OCoLC)933130132
=040  \\$aFlBoTFG$cFlBoTFG$erda$beng
=043  \\$ae------
=050  \4$aHB97$b.G475 2016
=082  04$a330.1542$bG373
=245  04$aThe German Historical School and European economic thought /$cedited by Jose Luis Cardoso and Michalis Psalidopoulos.
=264  \1$aLondon ;$aNew York :$bRoutledge,$c©2016.
=300  \\$a1 online resource (xxx, 241 pages) :$billustrations, text file, PDF
=336  \\$atext$2rdacontent
=337  \\$acomputer$2rdamedia
=338  \\$aonline resource$2rdacarrier
=490  1\$aRoutledge studies in the history of economics ;$v176
=504  \\$aIncludes bibliographical references and index.
=505  0\$a1. The impact of the German Historical School on the evolution of economic thought in Austria / Gunther Chaloupek -- 2. The reception of the German Historical Schools among French economists (1857-1900) / Jean-Pierre Potier -- 3. Economics, statistics and history : the legacy of the German Historical School in Belgium / Guido Erreygers and Maarten Van Dijck -- 4. On the surface things seemed quite : the reception of the German Historical School in the Netherlands / Bert Tieben and Evert Schoorl -- 5. The German Historical School of economics in the Italian debate (1870-1890) / Vitantonio Gioia -- 6. The German Historical School in Spain : from the fringes of mainstream (1870-1936) / Jesus Astigarraga and Juan Zabalza -- 7. The influence of the German Historical School in Portugal / Antonio Almodovar and Jose Luis Cardoso -- 8. The legacy of the German Historical School in Greek economic thought and policy / Michalis Psalidopoulos and Yorgos Stassinopoulos -- 9. A hundred years of German connection in Turkish economic thought : Historismus and otherwise / Eyup Ozveren -- 10. Sweden and the historical school : eight scholars going to Germany, 1874-1908 / Benny Carlson -- 11. The influence of the German Historical School on economic theory and ecnomic thought in Russia / Vladimir Avtonomov and Georgy Gloveli -- 12. The evolution of the German Historical School in Bulgaria (1878-1944) / Nikolay Nenovsky and Pencho D. Penchev.
=530  \\$aAlso available in print format.
=650  \0$aEconomics$zEurope$xHistory.
=650  \0$aHistorical school of economics.
=655  \7$aElectronic books.$2lcsh
=700  1\$aCardoso, Jose Luis.
=700  1\$aPsalidopoulos, M.$q(Michales)
=776  08$iPrint version: $z9781138940505(Hardback)$w 2015022106
=793  0\$aTaylor & Francis online monographs (UCSD)
=830  \0$aRoutledge studies in the history of economics ;$v176.
=856 40$zTaylor & Francis. Restricted to UCSD IP addresses.$uhttps://www.taylorfrancis.com/books/9781317378808

