=LDR  06970cam a2200445Ii 4500
=001  TF9781351606196
=003  FlBoTFG
=005  20180330125217.0
=006  m\\\\\o\\d\\\\\\\\
=007  cr\\\\\\\\\\\\
=008  180331s2018\\\\nyu\\\\\o\\\\\000\0\eng\d
=020  \\$a9781351606196$q(e-book: PDF)
=020  \\$z9781315107134$q(e-book)
=020  \\$z9781351606172$q(e-book: Mobi)
=020  \\$z9781138092983$q(hardback)
=020  \\$z9781138092990$q(paperback)
=020  \\$a9781315107134 (e-book)
=020  \\$a9781351606172 (e-book: Mobi)
=020  \\$a9781138092983 (hardback)
=020  \\$a9781138092990 (paperback)
=024  7\$a10.4324/9781315107134 $2doi
=035  \\$a(OCoLC)986523728
=040  \\$aDLC$beng$dFlBoTFG$erda$cDLC
=050  \4$aBF335$b.L275 2018
=082  04$a158.1$bL334
=100  1\$aLarsen, Knud S.,$eauthor.
=245  10$aAdaptation and well-being :$bmeeting the challenges of life /$cKnud S Larsen.
=264  \1$aNew York :$bRoutledge,$c©2018.
=300  \\$a1 online resource (x, 260 pages) :$btext file, PDF
=336  \\$atext$btxt$2rdacontent
=337  \\$acomputer$bc$2rdamedia
=338  \\$aonline resource$bcr$2rdacarrier
=505  0\$aIntroduction -- Identity and meaning: moving toward a healthy -- Self-concept -- Developing emotional maturity and emotional intelligence -- Communication : the key to effective living -- Human sexuality -- Gendifer and human happiness -- Friends, lovers and marriage : is lasting love possible? -- Stress and illness : maladaptation or coping rationally with adversity -- Rational or irrational appraisal of the situation : stress and post-traumatic disordifer -- The search for meaning and living life to the fullest -- Finding the balance : meeting the challenges of midlife -- Death and dying : denial and acceptance -- Living a long and healthy life : socio-economic status and positive human psychology -- Vignettes -- My self-concept -- A father and son relationship -- The guilty feeling i remember -- Some cultural non-verbal communications -- Transgendifer children -- Love at first sight -- We were traditional and then egalitarian -- Encounter with my laddifer -- Positive appraisal when we are solidly anchored in a benign world -- My life with the fbi and associates : rational or irrational threat? -- Experiences on my journey to bulgaria -- Midlife was another chapter in my life story -- The unexpected can happen -- Approaching death does not change who we are : laughing with carl -- A child's perspective on death and dying -- Beautiful brittany maynard -- Pushing tobacco in developing countries -- A beautiful girl in vietnam.
=520  \\$a""According to Leo Tolstoy's famous statement "all happy families are alike, each unhappy family is unhappy in its own way". Knud Larsen in his book on human happines proves the opposite. Summarizing the classical and recent research in successful human adaptation, adjustment and well-being of the soul and body he shows the many faces of individual human happiness. Moreover, the book opens the perspective into the directions of social, cultural and biological evolution. What I like most in the book, is its usefulness. Knud has many practical pieces of advice suggesting that we can improve our well-being if we try. I wish Anna Karenina had read this well-conceived, well written text." Gyorgy Csepeli, Professor of Social Psychology, Chair of the Interdisciplinary Social Research Program of the Doctoral School of the Faculty of Social Science at ELTE, Senior Research Fellow of the Institute of Advanced Studies at Kszeg (iASK) "This unique, readifer-friendly volume covers psychological aspects of successful living with such diversity and depth that I have not encountered hitherto. It is essential reading for psychology undifergraduates as well as more seasoned academics and practitioners", Howie Giles, Distinguished Professor Communication, University of California, Santa Barbara, USA & Honorary Professor of Psychology, University of Queensland, Australia"This book by Professor Larsen is very enjoyable reading and covers the many challenges humans face across the lifespan. The focus is on positive psychology as supportive solutions are offered for the many challenges of living. This is also a relatively rare book that evaluates adaptation from a socio-cultural perspective since most books today emphasize cognitive aspects of coping and development. I especially appreciated how Professor Larsen weaved his salient knowledge of cross-cultural psychology into this important work on human adaptation. In the book the author discusses the issue of adaptation in its varying aspects of human life and through the prism of cultural influence on personality and behavior.", Askar Jumageldinov, Ph.D, Assistant Professor at Catholic University in Lyon"This book uniquely ties together the author's personal experiences with in-depth research on human adaptation. What strikes the readifer is the very personal narrative that illustrates the many points of struggling with the challenges of being human. The book combines the best of classical literature along with very current and meaningful research. The whole human journey is evaluated from identity and finding meaning, through optimizing health in midlife to facing the final existential questions related to both death and longevity. A very thoughtful book.", Sven Morch, Ph.D , Professor, University of Copenhagen"An enlightened and enlightening story of the challenges we meet through our life course. Although the general readifer may find useful information to the journey of life it is also a volume packed with research-based information from the psychological and social sciences with implications for how we can grow as human beings and live satisfying lives together.", Reidar Ommundsen, Professor Emeritus, University of Oslo"I have found the work of Knud Larsen to dove-tail with my own work on behalf of indigenous and third world peoples since I first became acquainted with him in the context of supporting the People of Cuba.Dr. Larsen, as manifest in this career-capping work, has the ability '" rare among non-ethnologist academics '" to be engaged in the inner cognitive world of people inside other cultures while viewing their society in his own unique perspective.This broad and deep treatment will deepen and broaden my own view of the peoples that I have engaged with on the cognitive level. It also broadens my view of the challenges of my own life and how to live a happy life." John Allison, Cognitive ethnologist and author"--Provided by publisher.
=530  \\$aAlso available in print format.
=650  \0$aAdaptability (Psychology)
=650  \0$aWell-being.
=655  \7$aElectronic books.$2lcsh
=776  08$iPrint version: $z9781138092983(Hardback)$w 2017021849
=793  0\$aTaylor & Francis online monographs (UCSD)
=856 40$zTaylor & Francis. Restricted to UCSD IP addresses.$uhttps://www.taylorfrancis.com/books/9781351606196

