=LDR  02062cam a2200505Ii 4500
=001  TF9781315433691
=003  FlBoTFG
=005  20180330125217.0
=006  m\\\\\o\\d\\\\\\\\
=007  cr\\\\\\\\\\\\
=008  180331r20162014enkab\\\ob\\\\001\0\eng\d
=020  \\$a9781315433684 (e-book: PDF)$q(e-book : PDF)
=020  \\$z9781315433684$q(e-book: PDF)
=020  \\$z9781315433677$q(e-book: ePub)
=020  \\$z9781315433660$q(e-book: Mobi)
=020  \\$z9781611328837$q(hardback)
=020  \\$z9781611328844$q(paperback)
=020  \\$a9781315433691 (e-book)
=020  \\$a9781315433660 (e-book: Mobi)
=020  \\$a9781315433677 (e-book: ePub)
=020  \\$a9781611328837 (hardback)
=020  \\$a9781611328844 (paperback)
=024  7\$a10.4324/9781315433691 $2doi
=035  \\$a(OCoLC)954006993
=040  \\$aFlBoTFG$cFlBoTFG$erda$beng
=043  \\$an-us---
=050  \4$aE355$b.A73 2016
=082  04$a973.52$bA669
=245  00$aArchaeology of the War of 1812 /$cedited by Michael T. Lucas, Julie M. Schablitsky.
=264  \1$aLondon ;$aNew York :$bRoutledge,$c©2016.
=300  \\$a1 online resource (337 pages) :$billustrations, text file, PDF
=336  \\$atext$btxt$2rdacontent
=337  \\$acomputer$bc$2rdamedia
=338  \\$aonline resource$bcr$2rdacarrier
=500  \\$aFirst published 2014 by Left Coast Press, Inc.
=504  \\$aIncludes bibliographical references and index.
=505  0\$aThe Great Lakes region : 1812 -- The Chesapeake Campaign : 1814 -- The western frontier : 1814 -- The south at war's end : 1815.
=530  \\$aAlso available in print format.
=650  \0$aMilitary archaeology$zUnited States.
=651  \0$aUnited States$xHistory$yWar of 1812$xAntiquities.
=655  \7$aElectronic books.$2lcsh
=700  1\$aLucas, Michael T.
=700  1\$aSchablitsky, Julie M.$q(Julie Marie)
=776  08$iPrint version: $z9781611328837(Hardback)$w 2014013257
=793  0\$aTaylor & Francis online monographs (UCSD)
=856 40$zTaylor & Francis. Restricted to UCSD IP addresses.$uhttps://www.taylorfrancis.com/books/9781315433684

