=LDR  02482cam a2200517Ii 4500
=001  TF9781315644080
=003  FlBoTFG
=005  20180331111825.0
=006  m\\\\\o\\d\\\\\\\\
=007  cr\\\\\\\\\\\\
=008  180331s2016\\\\enk\\\\\ob\\\\001\0deng\d
=020  \\$a9781317287957 (e-book: PDF)$q(e-book : PDF)
=020  \\$z9781317287957$q(e-book: PDF)
=020  \\$z9781317287940$q(e-book: ePub)
=020  \\$z9781317287933$q(e-book: Mobi)
=020  \\$z9781138185982$q(hardback)
=020  \\$a9781315644080 (e-book)
=020  \\$a9781317287933 (e-book: Mobi)
=020  \\$a9781317287940 (e-book: ePub)
=020  \\$a9781138185982 (hardback)
=024  7\$a10.4324/9781315644080 $2doi
=035  \\$a(OCoLC)958105907
=040  \\$aFlBoTFG$cFlBoTFG$erda$beng
=043  \\$aa-ii---$aaz-----
=050  \4$aPK6427.6.I5$bK37 2016
=082  04$a891.550995456$bK421
=100  1\$aKeshavmurthy, Prashant.,$eauthor.
=245  10$aPersian authorship and canonicity in late Mughal Delhi :$bbuilding an ark /$cPrashant Keshavmurthy.
=264  \1$aLonodn ;$aNew York :$bRoutledge,$c©2016.
=300  \\$a1 online resource (xi, 177 pages) :$btext file, PDF
=336  \\$atext$2rdacontent
=337  \\$acomputer$2rdamedia
=338  \\$aonline resource$2rdacarrier
=490  1\$aIranian studies (London, England) ;$v33
=504  \\$aIncludes bibliographical references and index.
=505  0\$a1. Bidil's portrait : ekphrasis as ascetic self-transformation -- 2. Bidil's tarji'-band : the author's kenotic chorus -- 3. A Hindu allegory of the Islamic philosopher-king : the tale of Madan and Kamdi in Bidil's masnavi 'Irfan -- 4. The local universality of poetic pleasure : Siraj al-Din 'Ali Khan "Arzu" and the speaking subject -- 5. Khvushgu's dream of Hafiz : building an ark with Arzu and Bidil.
=530  \\$aAlso available in print format.
=600  10$aBidil, 'Abd al-Qadir,$d1644 or 1645-1720 or 1721$xCriticism and interpretation.
=650  \0$aAuthors, Persian$zIndia.
=650  \0$aMogul Empire$xHistory$y18th century.
=650  \0$aPersian literature$zIndia$xHistory and criticism.
=650  \0$aSouth Asian literature$xHistory and criticism.
=655  \7$aElectronic books.$2lcsh
=776  08$iPrint version: $z9781138185982(Hardback)$w 2015034027
=793  0\$aTaylor & Francis online monographs (UCSD)
=830  \0$aIranian studies (London, England) ;$v33.
=856 40$zTaylor & Francis. Restricted to UCSD IP addresses.$uhttps://www.taylorfrancis.com/books/9781317287957

