=LDR  02469cam a2200541Ii 4500
=001  TF9781315665870
=003  FlBoTFG
=005  20180331111825.0
=006  m\\\\\o\\d\\\\\\\\
=007  cr\\\\\\\\\\\\
=008  180331s2016\\\\nyu\\\\\ob\\\\001\0\eng\d
=020  \\$a9781317353423 (e-book: PDF)$q(e-book : PDF)
=020  \\$z9781317353423$q(e-book: PDF)
=020  \\$z9781317353416$q(e-book: ePub)
=020  \\$z9781317353409$q(e-book: Mobi)
=020  \\$z9781138956124$q(hardback)
=020  \\$z9781138956131$q(paperback)
=020  \\$a9781315665870 (e-book)
=020  \\$a9781317353409 (e-book: Mobi)
=020  \\$a9781317353416 (e-book: ePub)
=020  \\$a9781138956124 (hardback)
=020  \\$a9781138956131 (paperback)
=024  7\$a10.4324/9781315665870 $2doi
=035  \\$a(OCoLC)953858389
=040  \\$aFlBoTFG$cFlBoTFG$erda$beng
=043  \\$an-us---
=050  \4$aPN1995.9.R4$bL555 2016
=082  04$a791.43682$bL753
=100  1\$aLindvall, Terry.,$eauthor.
=245  10$aDivine film comedies :$bbiblical narratives, film sub-genres, and the comic spirit /$cTerry Lindvall, J. Dennis Bounds, and Chris Lindvall.
=264  \1$aNew York :$bRoutledge,$c©2016.
=300  \\$a1 online resource (212 pages) :$btext file, PDF
=336  \\$atext$2rdacontent
=337  \\$acomputer$2rdamedia
=338  \\$aonline resource$2rdacarrier
=490  1\$aRoutledge studies in religion and film
=504  \\$aIncludes bibliographical references and index.
=505  0\$a1. Theological assumptions of religious film comedies -- 2. Slapstick comedy -- 3. Adventure comedy -- 4. Romantic comedy -- 5. Screwball comedy -- 6. Musical comedy -- 7. Character/picaro comedy -- 8. Family comedy -- 9. Film blanc comedy -- 10. Clergy comedy -- 11. Reductio ad absurdum -- 12. Multi-leveled comedy -- 13. Parody -- 14. Satire -- 15. Dionysian/transgressive comedy -- 16. Mockumentary.
=530  \\$aAlso available in print format.
=650  \0$aComedy films$xHistory and criticism.
=650  \0$aMotion pictures$xReligious aspects.
=650  \0$aReligion in motion pictures.
=655  \7$aElectronic books.$2lcsh
=700  1\$aBounds, J. Dennis.
=700  1\$aLindvall, Chris.
=776  08$iPrint version: $z9781138956124(Hardback)$w 2015035486
=793  0\$aTaylor & Francis online monographs (UCSD)
=830  \0$aRoutledge studies in religion and film.
=856 40$zTaylor & Francis. Restricted to UCSD IP addresses.$uhttps://www.taylorfrancis.com/books/9781317353423

