=LDR  02084cam a2200469Ii 4500
=001  TF9781315676852
=003  FlBoTFG
=005  20180331111825.0
=006  m\\\\\o\\d\\\\\\\\
=007  cr\\\\\\\\\\\\
=008  180331s2017\\\\nyua\\\\ob\\\\001\0\eng\d
=020  \\$a9781317386421 (e-book: PDF)$q(e-book : PDF)
=020  \\$z9781317386421$q(e-book: PDF)
=020  \\$z9781317386407$q(e-book: Mobi)
=020  \\$z9781138936386$q(hardback)
=020  \\$z9781138936447$q(paperback)
=020  \\$a9781315676852 (e-book)
=020  \\$a9781317386407 (e-book: Mobi)
=020  \\$a9781138936386 (hardback)
=020  \\$a9781138936447 (paperback)
=024  7\$a10.4324/9781315676852 $2doi
=035  \\$a(OCoLC)967745445
=040  \\$aFlBoTFG$cFlBoTFG$erda$beng
=050  \4$aNX180.T4$bG76 2017
=082  04$a701.03$bG876
=100  1\$aGronlund, Melissa.,$eauthor.
=245  10$aContemporary art and digital culture /$cMelissa Gronlund.
=264  \1$aNew York :$bRoutledge,$c©2017.
=300  \\$a1 online resource (ix, 220 pages) :$billustrations, text file, PDF
=336  \\$atext$2rdacontent
=337  \\$acomputer$2rdamedia
=338  \\$aonline resource$2rdacarrier
=504  \\$aIncludes bibliographical references and index.
=505  0\$a1. Reproducibility and appropriation in the twentieth century : precursors to the digital age -- 2. Cybernetics and the posthuman : the emergence of art systems -- 3. Challenges to immateriality : posthumanist thought and digitality -- 4. Violence and the surveilled internet -- 5. Identity, language and the body online -- 6. The art world infrastructure post-internet.
=530  \\$aAlso available in print format.
=650  \0$aArt and the Internet.
=650  \0$aArts and society.
=650  \0$aDigital media$xSocial aspects.
=650  \0$aTechnology and the arts.
=655  \7$aElectronic books.$2lcsh
=776  08$iPrint version: $z9781138936386(Hardback)$w 2016026138
=793  0\$aTaylor & Francis online monographs (UCSD)
=856 40$zTaylor & Francis. Restricted to UCSD IP addresses.$uhttps://www.taylorfrancis.com/books/9781317386421

