=LDR  02962cam a2200577Ii 4500
=001  TF9781315639314
=003  FlBoTFG
=005  20180331111825.0
=006  m\\\\\o\\d\\\\\\\\
=007  cr\\\\\\\\\\\\
=008  180331s2016\\\\nyuabd\\ob\\\\001\0\eng\d
=020  \\$a9781317273660 (e-book: PDF)$q(e-book : PDF)
=020  \\$z9781317273660$q(e-book: PDF)
=020  \\$z9781317273653$q(e-book: ePub)
=020  \\$z9781317273646$q(e-book: Mobi)
=020  \\$z9781138184893$q(hardback)
=020  \\$a9781315639314 (e-book)
=020  \\$a9781317273646 (e-book: Mobi)
=020  \\$a9781317273653 (e-book: ePub)
=020  \\$a9781138184893 (hardback)
=024  7\$a10.4324/9781315639314 $2doi
=035  \\$a(OCoLC)958108979
=040  \\$aFlBoTFG$cFlBoTFG$erda$beng
=043  \\$ae-it---
=050  \4$aDG737.4$b.M37 2016
=082  04$a911.455110285$bM297
=245  00$aMapping space, sense, and movement in Florence :$bhistorical GIS and the early modern city /$cedited by Nicholas Terpstra and Colin Rose.
=264  \1$aNew York :$bRoutledge,$c©2016.
=300  \\$a1 online resource (xv, 220 pages) :$billustrations, text file, PDF
=336  \\$atext$2rdacontent
=337  \\$acomputer$2rdamedia
=338  \\$aonline resource$2rdacarrier
=490  0\$aRoutledge research in digital humanities
=504  \\$aIncludes bibliographical references and index.
=505  0\$apt. 1. Creating a historical GIS project -- pt. 2. Using digital mapping to unlock spatial and social relations -- pt. 3. Mapping motion, emotion, and sense : using digital mapping to rethink categories and communication.
=520  2\$a"Mapping Space, Sense, and Movement in Florence explores the potential of digital mapping or historical GIS as a research and teaching tool which can describe the spatial, kinetic and sensory dimensions of the early modern city of Florence"--Provided by publisher.
=530  \\$aAlso available in print format.
=650  \0$aCity and town life$zItaly$zFlorence$xHistory$xResearch$xData processing.
=650  \0$aDigital mapping.
=650  \0$aGeographic information systems.
=650  \0$aPublic spaces$zItaly$zFlorence$xHistory$xResearch$xData processing.
=650  \0$aSenses and sensation$xSocial aspects$zItaly$zFlorence$xHistory$xResearch$xData processing.
=650  \0$aSpatial behavior$xSocial aspects$zItaly$zFlorence$xHistory$xResearch$xData processing.
=650  \0$aWalking$zSocial aspects$zItaly$zFlorence$xHistory$xResearch$xData processing.
=651  \0$aFlorence (Italy)$xHistorical geography$xData processing.
=651  \0$aFlorence (Italy)$xHistory$y1421-1737$xResearch$xData processing.
=655  \7$aElectronic books.$2lcsh
=700  1\$aRose, Colin.
=700  1\$aTerpstra, Nicholas.
=776  08$iPrint version: $z9781138184893(Hardback)$w 2015035186
=793  0\$aTaylor & Francis online monographs (UCSD)
=856 40$zTaylor & Francis. Restricted to UCSD IP addresses.$uhttps://www.taylorfrancis.com/books/9781317273660

