=LDR  02472cam a2200457Ii 4500
=001  TF9781315553665
=003  FlBoTFG
=005  20180331102445.0
=006  m\\\\\o\\d\\\\\\\\
=007  cr\\\\\\\\\\\\
=008  180331s2017\\\\enkc\\\\ob\\\\001\0\eng\d
=020  \\$a9781317018315 (e-book: PDF)$q(e-book : PDF)
=020  \\$z9781317018315$q(e-book: PDF)
=020  \\$z9781317018292$q(e-book: Mobi)
=020  \\$z9781472459084$q(hardback)
=020  \\$a9781315553665 (e-book)
=020  \\$a9781317018292 (e-book: Mobi)
=020  \\$a9781472459084 (hardback)
=024  7\$a10.4324/9781315553665 $2doi
=035  \\$a(OCoLC)992385061
=040  \\$aFlBoTFG$cFlBoTFG$erda$beng
=050  \4$aBD436$b.R24 2017
=082  04$a306.7$bR129
=245  04$aThe radicalism of romantic love :$bcritical perspectives /$cedited by Renata Grossi and David West.
=264  \1$aLondon ;$aNew York, N.Y. :$bRoutledge,$c©2017.
=300  \\$a1 online resource :$btext file, PDF
=336  \\$atext$2rdacontent
=337  \\$acomputer$2rdamedia
=338  \\$aonline resource$2rdacarrier
=504  \\$aIncludes bibliographical references and index.
=505  0\$a1. Love as a political force : romantic love, love-politics and solidarity / Ann Ferguson -- 2. Beyond the romantic constellation of sex, marriage and love / David West -- 3. The rise and fall of the romantic ideal / Berit Brogaard -- 4. Freud on romantic love : strange, disappointing, and satisfying / Michael P. Levine -- 5. Simone de Beauvoir, Jean-Paul Sartre, and radical romantic love / Skye C. Cleary -- 6. Depressive love : a social pathology / Emma Engdahl -- 7. Libertine reveries : romantic love in the time of radical terror / Clara Tuite -- 8. What kind of love if Nietzsche's Amor fati? / James Martel -- 9. Falling for the collective : when love embraces the political / Nagore Garcia Fernandez -- 10. Romantic love as a political strategy in the same-sex marriage debate / Renata Grossi.
=530  \\$aAlso available in print edition.
=538  \\$aMode of access: World Wide Web.
=650  \0$aLove$xPhilosophy.
=650  \0$aLove$xPolitical aspects.
=650  \0$aRadicalism.
=655  \7$aElectronic books.$2lcsh
=700  1\$aGrossi, Renata.
=700  1\$aWest, David,$d1955-
=776  08$iPrint version: $z9781472459084(Hardback)$w 2016044261
=793  0\$aTaylor & Francis online monographs (UCSD)
=856 40$zTaylor & Francis. Restricted to UCSD IP addresses.$uhttps://www.taylorfrancis.com/books/9781317018315

