=LDR  02183cam a2200481Ii 4500
=001  TF9781315716909
=003  FlBoTFG
=005  20180331111825.0
=006  m\\\\\o\\d\\\\\\\\
=007  cr\\\\\\\\\\\\
=008  180331s2017\\\\nyua\\\\ob\\\\001\0\eng\d
=020  \\$a9781317508397 (e-book: PDF)$q(e-book : PDF)
=020  \\$z9781317508397$q(e-book: PDF)
=020  \\$z9781317508380$q(e-book: ePub)
=020  \\$z9781317508373$q(e-book: Mobi)
=020  \\$z9781138859838$q(hardback)
=020  \\$z9781138859845$q(paperback)
=020  \\$a9781315716909 (e-book)
=020  \\$a9781317508373 (e-book: Mobi)
=020  \\$a9781317508380 (e-book: ePub)
=020  \\$a9781138859838 (hardback)
=020  \\$a9781138859845 (paperback)
=024  7\$a10.4324/9781315716909 $2doi
=035  \\$a(OCoLC)953692437
=040  \\$aFlBoTFG$cFlBoTFG$erda$beng
=050  \4$aLB1065$b.R33 2017
=082  04$a370.154$bR118
=245  00$aRace and ethnicity in the study of motivation in education /$cedited by Jessica T. Decuir-Gunby and Paul A. Schutz.
=264  \1$aNew York :$bRoutledge,$c©2017.
=300  \\$a1 online resource (ix, 229 pages) :$billustrations, text file, PDF
=336  \\$atext$2rdacontent
=337  \\$acomputer$2rdamedia
=338  \\$aonline resource$2rdacarrier
=504  \\$aIncludes bibliographical references and index.
=505  0\$apt. I. An introduction to race and ethnicity in the study of motivation in education -- pt. II. Using race-reimaged approaches to examine motivation in educational contexts -- pt. III. Using race-focused approaches to examine motivation in educational contexts -- pt. IV. Future directions in examining race and ethnicity in the study of motivation.
=530  \\$aAlso available in print format.
=650  \0$aMinorities$xEducation.
=650  \0$aMotivation in education$xSocial aspects.
=655  \7$aElectronic books.$2lcsh
=700  1\$aDecuir-Gunby, Jessica T.
=700  1\$aSchutz, Paul A.
=776  08$iPrint version: $z9781138859838$q(Hardback)$w(DLC) 2016004032
=793  0\$aTaylor & Francis online monographs (UCSD)
=856 40$zTaylor & Francis. Restricted to UCSD IP addresses.$uhttps://www.taylorfrancis.com/books/9781317508397

