=LDR  02223cam a2200505Ii 4500
=001  TF9781317306764
=003  FlBoTFG
=005  20180331102445.0
=006  m\\\\\o\\d\\\\\\\\
=007  cr\\\\\\\\\\\\
=008  130331s2006\\\\nyua\\\\o\\\\\001\0\eng\d
=020  \\$a9781317306764$q(e-book: PDF)
=020  \\$z9781315650357$q(e-book)
=020  \\$z9781317306757$q(e-book: ePub)
=020  \\$z9781317306740$q(e-book: Mobi)
=020  \\$z9781138409149$q(hardback)
=020  \\$z9781138949638$q(paperback)
=020  \\$a9781315650357 (e-book)
=020  \\$a9781317306740 (e-book: Mobi)
=020  \\$a9781317306757 (e-book: ePub)
=020  \\$a9781138409149 (hardback)
=020  \\$a9781138949638 (paperback)
=035  \\$a(OCoLC)958108142
=040  \\$aFlBoTFG$cFlBoTFG$erda$beng
=041  0\$aeng$abul
=050  \4$aPG839.5.E5$bH38 2006
=082  04$a491.8182421$bH371
=100  1\$aHauge, Kjetil Ra,$d1945-,$eauthor.
=245  10$aColloquial Bulgarian :$bthe complete course for beginners /$cKjetil Ra Hauge and Yovka Tisheva.
=250  \\$aSecond edition.
=264  \1$aNew York :$bRoutledge,$c©2006.
=300  \\$a1 online resource (xi, 284 pages) :$billustrations, text file, PDF
=336  \\$atext$2rdacontent
=337  \\$acomputer$2rdamedia
=338  \\$aonline resource$2rdacarrier
=490  1\$aThe colloquial series
=500  \\$aIncludes index.
=505  0\$a1. Getting acquainted -- 2. In the hotel and at home -- 3. In the restaurant -- 4. Telephone conversation -- 5. Books and newspapers -- 6. Shopping -- 7. Going to the market -- 8. Travelling -- 9. Family -- 10. Health -- 11. Going to the cinema -- 12. Name-day -- 13. The weather -- 14. The Madara horseman -- 15. President for a day -- 16. The lost ticket -- 17. How I spent my summer holiday.
=530  \\$aAlso available in print format.
=650  \0$aBulgarian language$vTextbooks for foreign speakers$xEnglish.
=655  \7$aElectronic books.$2lcsh
=700  1\$aTisheva, Iovka.
=776  08$iPrint version: $z9781138409149$q(Hardback)
=793  0\$aTaylor & Francis online monographs (UCSD)
=830  \0$aColloquial series.
=856 40$zTaylor & Francis. Restricted to UCSD IP addresses.$uhttps://www.taylorfrancis.com/books/9781317306764

