=LDR  05028cam a2200445Ii 4500
=001  TF9781317494812
=003  FlBoTFG
=005  20180331111825.0
=006  m\\\\\o\\d\\\\\\\\
=007  cr\\\\\\\\\\\\
=008  180331s2018\\\\enk\\\\\ob\\\\001\0\eng\d
=020  \\$a9781317494812$q(e-book: PDF)
=020  \\$z9781315712390$q(e-book)
=020  \\$z9781317494799$q(e-book: Mobi)
=020  \\$z9781138890404$q(hardback)
=020  \\$a9781315712390 (e-book)
=020  \\$a9781317494799 (e-book: Mobi)
=020  \\$a9781138890404 (hardback)
=024  7\$a10.4324/9781315712390 $2doi
=035  \\$a(OCoLC)1004364002
=040  \\$aDLC$beng$dFlBoTFG$erda$cDLC
=050  \4$aJF1001$b.R62 2018
=082  04$a324.9$bR869
=245  04$aThe Routledge handbook of elections, voting behavior and public opinion /$cedited by Justin Fisher, Edward Fieldhouse, Mark N. Franklin, Rachel Gibson, Marta Cantijoch and Christopher Wlezien.
=246  30$aHandbook of elections, voting behavior and public opinion
=264  \1$aAbingdon, Oxon ;$aNew York, NY :$bRoutledge,$c©2018.
=300  \\$a1 online resource :$btext file, PDF
=336  \\$atext$2rdacontent
=337  \\$acomputer$2rdamedia
=338  \\$aonline resource$2rdacarrier
=504  \\$aIncludes bibliographical references and index.
=505  0\$aDemocratic theory and electoral behavior / Ian McAllister -- The sociological and social-psychological approaches / Vincent Hutchings and Hakeem Jefferson -- Rational choice theory and voting / Keith Dowding -- Institutions and voting behavior / B. Guy Peters -- The big picture : turnout at the macro level / Jack Vowles -- Demographic and the social bases of voter turnout / Eric Plutzer -- Turnout and the calculus of voting : recent advances and prospects for integration with theories of campaigns and elections / John Aldrich and Libby M. Jenke -- Voting and the expanding repertoire of participation / Jan van Deth -- The acquisition of voting habits / Elias Dinas -- Long-term factors : class and religious cleavages / Geoff Evans and Ksenia Northmore-Ball -- Ideology and electoral choice / Martin Elff -- Party identification / Shaun Bowler -- Trends in partisanship / Oliver Heath -- Politics, media and the electoral role of party leaders / Anthony Mughan and Loes Aaldering -- Preferences, constraints, and choices : tactical voting in mass elections / R. Michael Alvarez, D. Roderick Kiewiet and Lucas Nâuänez -- Economic voting / Marianne Stewart and Harold Clarke -- Electoral systems / Iain McLean -- Electoral integrity / Pippa Norris -- Voting behavior in multi-level electoral systems / Hermann Schmitt and Eftichia Teperoglou -- Local context, social networks and neighbourhood effects on voter choice / Ron Johnston and Charles Pattie -- Voting behavior in referendums / Michael Marsh -- Networks, contexts, and the process of political influence / Robert Huckfeldt, Matthew T. Pietryka and John B. Ryan -- Persuasion and mobilization effects by parties and candidates / Justin Fisher -- Campaign strategies, media and voters : the fourth era of political communication / Holli Semetko and Hubert Tworzecki -- The role of mass media in shaping public opinion and voter behaviour / Susan Banducci -- Digital campaigning / Stephen Ward, Rachel Gibson and Marta Cantijoch -- Attitudes, values and belief systems / Oddbj2rn Knutsen -- The stability of political attitudes / Robert Erikson -- Political knowledge: measurement, misinformation and turnout / Jennifer Hudson -- Is there a rational public? / J2rgen B2lstad -- The geometry of party competition. parties and voters in the issue space / Lorenzo de Sio -- The thermostatic model : the public, policy and politics / Christopher Wlezien -- Regime support / Pedro Magalhaes -- Generational replacement : engine of electoral change / Wouter van der Brug and Mark Franklin -- The dependent variable in election studies : studying respondents or responses as units of analysis / Cees van Der Eijk -- The quest for representative survey samples / Laura Stoker and Andrew McCall -- Horses for courses : using internet surveys for researching public opinion and voting behaviour / Edward Fieldhouse and Chris Prosser -- The use of aggregate data in the study of voting behavior : ecological inference, ecological fallacy and other applications / Luana Russo -- Election forecasting / Stephen Fisher -- Field experiments in political behavior / Donald Green and Erin A. York -- Making inferences about elections and public opinion using incidentally collected data / Jon Mellon.
=530  \\$aAlso available in print format.
=650  \0$aElections.
=650  \0$aPublic opinion$xPolitical aspects.
=650  \0$aVoting research.
=655  \7$aElectronic books.$2lcsh
=700  1\$aFisher, Justin$q(Justin T.),$eeditor...
=776  08$iPrint version: $z9781138890404$q(Hardback)$w(DLC) 2017016768
=793  0\$aTaylor & Francis online monographs (UCSD)
=856 40$zTaylor & Francis. Restricted to UCSD IP addresses.$uhttps://www.taylorfrancis.com/books/9781317494812

