=LDR  02295cam a2200469Ii 4500
=001  TF9781315473819
=003  FlBoTFG
=005  20180331111825.0
=006  m\\\\\o\\d\\\\\\\\
=007  cr\\\\\\\\\\\\
=008  180331s2017\\\\nyua\\\\ob\\\\001\0\eng\d
=020  \\$a9781315473819$q(e-book : PDF)
=020  \\$z9781315473802$q(e-book: PDF)
=020  \\$z9781315473789$q(e-book: Mobi)
=020  \\$z9781138908130$q(hardback)
=020  \\$z9781138908147$q(paperback)
=020  \\$a9781138908130 (hardback)
=020  \\$a9781138908147 (paperback)
=024  7\$a10.4324/9781315473819 $2doi
=035  \\$a(OCoLC)970383935
=040  \\$aFlBoTFG$cFlBoTFG$erda$beng
=050  \4$aHV2380$b.L35 2017
=082  04$a305.9082$bL528
=100  1\$aLeigh, Irene.,$eauthor.
=245  10$aDeaf people and society :$bpsychological, sociological and educational perspectives /$cIrene W. Leigh and Jean F. Andrews.
=250  \\$aSecond edition.
=264  \1$aNew York ;$aLondon :$bRoutledge,$c©2017.
=300  \\$a1 online resource (xvi, 336 pages) :$billustrations, text file, PDF
=336  \\$atext$2rdacontent
=337  \\$acomputer$2rdamedia
=338  \\$aonline resource$2rdacarrier
=504  \\$aIncludes bibliographical references and index.
=505  0\$a1. Historical perspectives of deaf people and psychology -- 2. The deaf community : a diverse entity -- 3. How it all begins -- 4. Cognition, language, and the mind -- 5. Educational aspects of deaf education -- 6. Language learning and language teaching approaches -- 7. Psychological issues in childhood -- 8. Deaf adults : viewpoints from psychology -- 9. Deaf adults : viewpoints from sociology -- 10. The deaf defendant : legal, communication, and language considerations -- 11. Deaf-hearing relationships in context -- 12. From now to the future.
=530  \\$aAlso available in print format.
=650  \0$aDeaf$xEducation.
=650  \0$aDeaf$xMeans of communication.
=650  \0$aDeaf.
=650  \0$aDeafness$xPsychological aspects.
=655  \7$aElectronic books.$2lcsh
=700  1\$aAndrews, Jean F.
=776  08$iPrint version: $z9781138908130(Hardback)$w 2016013402
=793  0\$aTaylor & Francis online monographs (UCSD)
=856 40$zTaylor & Francis. Restricted to UCSD IP addresses.$uhttps://www.taylorfrancis.com/books/9781315473819

