=LDR  02160cam a2200517Ii 4500
=001  TF9781315661599
=003  FlBoTFG
=005  20180331111825.0
=006  m\\\\\o\\d\\\\\\\\
=007  cr\\\\\\\\\\\\
=008  180331s2016\\\\nyua\\\\ob\\\\001\0\eng\d
=020  \\$a9781317340584 (e-book: PDF)$q(e-book : PDF)
=020  \\$z9781317340584$q(e-book: PDF)
=020  \\$z9781317340577$q(e-book: ePub)
=020  \\$z9781317340560$q(e-book: Mobi)
=020  \\$z9781138957688$q(hardback)
=020  \\$a9781315661599 (e-book)
=020  \\$a9781317340560 (e-book: Mobi)
=020  \\$a9781317340577 (e-book: ePub)
=020  \\$a9781138957688 (hardback)
=024  7\$a10.4324/9781315661599 $2doi
=035  \\$a(OCoLC)958109379
=040  \\$aFlBoTFG$cFlBoTFG$erda$beng
=043  \\$an-us---
=050  \4$aPN1999.W27$bD56 2016
=082  04$a384.80979494$bD612
=245  00$aDisney, culture, and curriculum /$cedited by Jennifer A. Sandlin and Julie C. Garlen.
=264  \1$aNew York ;$aLondon :$bRoutledge,$c©2016.
=300  \\$a1 online resource (xxix, 260 pages) :$billustrations, text file, PDF
=336  \\$atext$2rdacontent
=337  \\$acomputer$2rdamedia
=338  \\$aonline resource$2rdacarrier
=490  1\$aStudies in curriculum theory
=504  \\$aIncludes bibliographical references and index.
=505  0\$apt. 1. Feeling Disney : Disney fears and fantasies -- pt. 2. Buying Disney : commodified, caricatures, and contested subjectivities -- pt. 3. Being Disney : freedom, participation, and control.
=530  \\$aAlso available in print format.
=610  20$aWalt Disney Company.
=650  \0$aEducation$xCurricula$zUnited States.
=650  \0$aMotion pictures in education$zUnited States.
=650  \0$aPopular culture$xStudy and teaching$zUnited States.
=655  \7$aElectronic books.$2lcsh
=700  1\$aGarlen, Julie C.
=700  1\$aSandlin, Jennifer A.
=776  08$iPrint version: $z9781138957688(Hardback)$w 2015037115
=793  0\$aTaylor & Francis online monographs (UCSD)
=830  \0$aStudies in curriculum theory.
=856 40$zTaylor & Francis. Restricted to UCSD IP addresses.$uhttps://www.taylorfrancis.com/books/9781317340584

