=LDR  03138cam a2200457Ii 4500
=001  TF9781315239392
=003  FlBoTFG
=005  20180330125217.0
=006  m\\\\\o\\d\\\\\\\\
=007  cr\\\\\\\\\\\\
=008  180331r20162014enkad\\\ob\\\\001\0\eng\d
=020  \\$a9781351888929 (e-book: PDF)$q(e-book : PDF)
=020  \\$z9781351888929$q(e-book: PDF)
=020  \\$z9781351888905$q(e-book: Mobi)
=020  \\$z9781472417275$q(hardback)
=020  \\$a9781315239392 (e-book)
=020  \\$a9781351888905 (e-book: Mobi)
=020  \\$a9781472417275 (hardback)
=024  7\$a10.4324/9781315239392 $2doi
=035  \\$a(OCoLC)973143637
=040  \\$aFlBoTFG$cFlBoTFG$erda$beng
=050  \4$aHB3717 2008$b.B47 2016
=082  04$a330.90511$bB484
=100  1\$aBerberoglu, Berch.,$eauthor.
=245  14$aThe global capitalist crisis and its aftermath :$bthe causes and consequences of the Great Recession of 2008-2009 /$cedited by Berch Berberoglu.
=264  \1$aLondon :$bRoutledge,$c©2016.
=300  \\$a1 online resource (xvi, 342 pages) :$billustrations, text file, PDF
=336  \\$atext$btxt$2rdacontent
=337  \\$acomputer$bc$2rdamedia
=338  \\$aonline resource$bcr$2rdacarrier
=490  1\$aGlobalization, crises, and change
=500  \\$aFirst published 2014 by Ashgate Publishing.
=504  \\$aIncludes bibliographical references and index.
=505  0\$a1. The contours of the Marxist debate on the global capitalist crisis / David Thurston Martin -- 2. The global capitalist crisis : its origins, dynamics, and impact on the United States / Berch Berberoglu -- 3. "The great recession" of 2008 and the continuing global capitalist crisis / William I. Robinson -- 4. The global financial crisis : a crisis of capital or for labor? / James Petras and Henry Veltmeyer -- 5. The global capitalist crisis and the 2008 financial meltdown in the United States / Levin Welch -- 6. The impact of the global capitalist crisis on the Eurozone / David L. Elliott -- 7. Japan's long stagnation and the global capitalist crisis : the onset of inter-state rivalry? / Bill Lucarelli -- 8. The continuing global capitalist crisis and the transition to state neoliberalism in China / Alvin So -- 9. Russia and the global capitalist crisis / David M. Kotz -- 10. Latin America and the epochal crisis of capitalism / Luis Arizmendi and Gordon Welty -- 11. "Africa rising" or Africans uprising? : the impact of the global capitalist crisis on Africa / Patrick Bond -- 12. The structural crisis of global capitalism and the prospects for world revolution in the twenty-first century / Chris Chase-Dunn and Anthony Roberts -- 13. The global capitalist crisis and the end of empire / Martin Orr.
=530  \\$aAlso available in print format.
=650  \0$aEconomic policy.
=650  \0$aGlobal Financial Crisis, 2008-2009.
=655  \7$aElectronic books.$2lcsh
=776  08$iPrint version: $z9781472417275(Hardback)$w 2014016419
=793  0\$aTaylor & Francis online monographs (UCSD)
=830  \0$aGlobalization, crises, and change.
=856 40$zTaylor & Francis. Restricted to UCSD IP addresses.$uhttps://www.taylorfrancis.com/books/9781351888929

