=LDR  01988cam a2200493Ii 4500
=001  TF9781315528854
=003  FlBoTFG
=005  20180331111825.0
=006  m\\\\\o\\d\\\\\\\\
=007  cr\\\\\\\\\\\\
=008  180331s2017\\\\enk\\\\\ob\\\\001\0\eng\d
=020  \\$a9781315528847 (e-book: PDF)$q(e-book : PDF)
=020  \\$z9781315528847$q(e-book: PDF)
=020  \\$z9781315528823$q(e-book: Mobi)
=020  \\$z9781138823600$q(hardback)
=020  \\$z9781138823617$q(paperback)
=020  \\$a9781315528854 (e-book)
=020  \\$a9781315528823 (e-book: Mobi)
=020  \\$a9781138823600 (hardback)
=020  \\$a9781138823617 (paperback)
=024  7\$a10.4324/9781315528854 $2doi
=035  \\$a(OCoLC)966446145
=040  \\$aFlBoTFG$cFlBoTFG$erda$beng
=050  \4$aGN380$b.S68 2017
=082  04$a305.8001$bS724
=245  00$aSources and methods in indigenous studies /$cedited by Chris Andersen and Jean M. O'Brien.
=264  \1$aLondon ;$aNew York :$bRoutledge,$c©2017.
=300  \\$a1 online resource (xiv, 314 pages) :$btext file, PDF
=336  \\$atext$2rdacontent
=337  \\$acomputer$2rdamedia
=338  \\$aonline resource$2rdacarrier
=490  1\$aRoutledge guides to using historical sources
=504  \\$aIncludes bibliographical references and index.
=505  0\$apt. 1. Emerging from the past -- pt. 2. Alternative sources and methodological reorientations.
=530  \\$aAlso available in print format.
=650  \0$aApplied anthropology.
=650  \0$aEthnology$xMethodology.
=650  \0$aIndigenous peoples$xResearch$xMethodology.
=655  \7$aElectronic books.$2lcsh
=700  1\$aAndersen, Chris,$d1973-$eeditor...
=700  1\$aO'Brien, Jean M.,$eeditor...
=776  08$iPrint version: $z9781138823600(Hardback)$w 2016007801
=793  0\$aTaylor & Francis online monographs (UCSD)
=830  \0$aRoutledge guides to using historical sources.
=856 40$zTaylor & Francis. Restricted to UCSD IP addresses.$uhttps://www.taylorfrancis.com/books/9781315528847

