=LDR  03409cam a2200529Ii 4500
=001  TF9781315692289
=003  FlBoTFG
=005  20180331111825.0
=006  m\\\\\o\\d\\\\\\\\
=007  cr\\\\\\\\\\\\
=008  180331s2017\\\\enk\\\\\ob\\\\001\0\eng\d
=020  \\$a9781317432661 (e-book: PDF)$q(e-book : PDF)
=020  \\$z9781317432661$q(e-book: PDF)
=020  \\$z9781317432654$q(e-book: ePub)
=020  \\$z9781317432647$q(e-book: Mobi)
=020  \\$z9781138911888$q(hardback)
=020  \\$z9781138911901$q(paperback)
=020  \\$a9781315692289 (e-book)
=020  \\$a9781317432647 (e-book: Mobi)
=020  \\$a9781317432654 (e-book: ePub)
=020  \\$a9781138911888 (hardback)
=020  \\$a9781138911901 (paperback)
=024  7\$a10.4324/9781315692289 $2doi
=035  \\$a(OCoLC)960895261
=040  \\$aFlBoTFG$cFlBoTFG$erda$beng
=050  \4$aRC570.2$b.D49 2017
=082  04$a616.8$bD489
=245  00$aDevelopmental disorders of the brain /$cedited by Nicole J. Rinehart, John L. Bradshaw, and Peter G. Enticott.
=250  \\$aSecond edition.
=264  \1$aLondon ;$aNew York :$bRoutledge,$c©2017.
=300  \\$a1 online resource (vi, 377 pages) :$btext file, PDF
=336  \\$atext$2rdacontent
=337  \\$acomputer$2rdamedia
=338  \\$aonline resource$2rdacarrier
=490  1\$aBrain, behaviour and cognition
=504  \\$aIncludes bibliographical references and index.
=505  0\$a1. The basal ganglia / Katherine Johnson -- 2. The frontal cortext / Katherine Johnson -- 3. Cerebellar cognitive affective syndrome / Claudine Kraan -- 4. New technologies in clinical neuroscience / Natalia Albein-Urios and Peter G. Enticott -- 5. Developmental coordination disorder / Christian Hyde, Daniela Rigoli and Jan Piek -- 6. Language disorder / Jarrad A.G. Lum, Michael T. Ullman and Gina Conti-Ramsden -- 7. Autism spectrum disorder / Nicole Rinehart ... [et al.] -- 8. Attention deficit hyperactivity disorder / Janette Tong, Ziarih Hawi and Mark A. Bellgrove -- 9. Conduct disorder and oppositional defiant disorder / Jessica Green, Emma Sciberras and Peter G. Enticott -- 10. Depression / Daphne Voineskos and Zafris J. Daskalakis -- 11. Obsessive compulsive disorder / Richard Moulding ... [et al.] -- 12. Gilles de la Tourette syndrome / Dianne M. Sheppard, Nicole Papadopoulos and Valsamma Eapen -- 13. Addiction / Jodie Naim-Feil ... [et al.] -- 14. Gambling disorder / Felicity K. Lorains ... [et al.] -- 15. Schizophrenia / Tamara May and Paul B. Fitzgerald -- 16. Williams syndrome / Darren R. Hocking -- 17. Friedreich ataxia / Louise A. Corben ... [et al.] -- 18. Fragile X syndrome and other FMR-1-related conditions / Esther S. Ginsberg and David J. Amor -- 19. Cerebellar-frontal-parietal axis in developmental disorders / Darren R. Hocking -- 20. Last thoughts / John L. Bradshaw, Peter G. Enticott and Nicole J. Rinehart.
=530  \\$aAlso available in print format.
=650  \0$aBrain.
=650  \0$aDevelopmental disabilities.
=655  \7$aElectronic books.$2lcsh
=700  1\$aBradshaw, John L.,$d1940-
=700  1\$aEnticott, Peter.
=700  1\$aRinehart, Nicole.
=776  08$iPrint version: $z9781138911888(Hardback)$w 2016004287
=793  0\$aTaylor & Francis online monographs (UCSD)
=830  \0$aBrain damage, behaviour, and cognition.
=856 40$zTaylor & Francis. Restricted to UCSD IP addresses.$uhttps://www.taylorfrancis.com/books/9781317432661

