=LDR  03322cam a2200505Ii 4500
=001  TF9781315685014
=003  FlBoTFG
=005  20180331111825.0
=006  m\\\\\o\\d\\\\\\\\
=007  cr\\\\\\\\\\\\
=008  180331s2017\\\\enk\\\\\ob\\\\001\0\eng\d
=020  \\$a9781317410898 (e-book: PDF)$q(e-book : PDF)
=020  \\$z9781317410898$q(e-book: PDF)
=020  \\$z9781317410874$q(e-book: Mobi)
=020  \\$z9781138923560$q(hardback)
=020  \\$z9781138494190$q(paperback)
=020  \\$a9781315685014 (e-book)
=020  \\$a9781317410874 (e-book: Mobi)
=020  \\$a9781138923560 (hardback)
=020  \\$a9781138494190 (paperback)
=024  7\$a10.4324/9781315685014 $2doi
=035  \\$a(OCoLC)960901521
=040  \\$aFlBoTFG$cFlBoTFG$erda$beng
=043  \\$an-us---
=050  \4$aGV951$b.F68 2017
=082  04$a796.332$bF687
=245  00$aFootball, culture and power /$cedited by David J. Leonard, Kimberly B. George and Wade Davis.
=264  \1$aLondon ;$aNew York, N.Y. :$bRoutledge,$c©2017.
=300  \\$a1 online resource (xviii, 279 pages) :$btext file, PDF
=336  \\$atext$2rdacontent
=337  \\$acomputer$2rdamedia
=338  \\$aonline resource$2rdacarrier
=490  1\$aRoutledge research in sport, culture and society ;$v66
=504  \\$aIncludes bibliographical references and index.
=505  0\$a1. Football's history and reach / Russ Crawford -- 2. Look away : on the racial, sexual, and cultural politics of the NFL / C. Richard King -- 3. Ballers without blackness : the suppression of Black cultural agency in the NFL / Drew D. Brown -- 4. Derlictum ex nihilo : origins and beginnings in The blind side / Jared Sexton -- 5. God-fans of the gridiron : Madden, fantasy, football, and simulation / Nichoals Ware -- 6. "4th and g(l)o(b)al" : origins, evolution and implications of a globalized NFL / Jorge E. Moraga -- 7. Fabled futures : migration and mobility for Samoans in American Football / Fa'Anofo Lisaclaire (Lisa) Uperesa -- 8. Everybody's all-Americans : high school football and teh US military / Michael L. Butterworth -- 9. Gender, violence, and brain injury in and out of the NFL : what counts as harm? / Daniel R. Morrison and Monica J. Casper -- 10. A societal mirror and a force for change : the NFL and its response to domestic violence / Jessica Luther -- 11. In dialogue : on sports, sports activism, sexual freedom, and other types of liberation -- 12. Michael Sam and sport of queer failure / Jeffrey Q. Mccune Jr. -- 13. "U Mad Bro?" NFL player use of social media in contentous conversation / Phillip Lamarr Cunningham -- 14. The NFL, activism, and #BlackLivesMatter / Charles Modiano -- 15. A feminist football fan : on the psychic life of spectatorship / Kimberly B. George.
=530  \\$aAlso available in print format.
=610  20$aNational Football League.
=650  \0$aFootball$xSocial aspects$zUnited States.
=655  \7$aElectronic books.$2lcsh
=700  1\$aDavis, Wade.
=700  1\$aGeorge, Kim$q(Kimberly)
=700  1\$aLeonard, David J.
=776  08$iPrint version: $z9781138923560(Hardback)$w 2016015430
=793  0\$aTaylor & Francis online monographs (UCSD)
=830  \0$aRoutledge research in sport, culture and society ;$v66.
=856 40$zTaylor & Francis. Restricted to UCSD IP addresses.$uhttps://www.taylorfrancis.com/books/9781317410898

