=LDR  02739cam a2200589Ii 4500
=001  TF9781315794532
=003  FlBoTFG
=005  20180331111825.0
=006  m\\\\\o\\d\\\\\\\\
=007  cr\\\\\\\\\\\\
=008  180331s2016\\\\enka\\\\ob\\\\001\0\eng\d
=020  \\$a9781317744801 (e-book: PDF)$q(e-book : PDF)
=020  \\$z9781317744801$q(e-book: PDF)
=020  \\$z9781317744795$q(e-book: ePub)
=020  \\$z9781317744788$q(e-book: Mobi)
=020  \\$z9781138015227$q(hardback)
=020  \\$z9780815394778$q(paperback)
=020  \\$a9781315794532 (e-book)
=020  \\$a9781317744788 (e-book: Mobi)
=020  \\$a9781317744795 (e-book: ePub)
=020  \\$a9781138015227 (hardback)
=020  \\$a9780815394778 (paperback)
=024  7\$a10.4324/9781315794532 $2doi
=035  \\$a(OCoLC)951623967
=040  \\$aFlBoTFG$cFlBoTFG$erda$beng
=043  \\$ae------
=050  \4$aGV734.5$b.R69 2016
=082  04$a796.334$bR832
=100  1\$aRossi, Giambattista.,$eauthor.
=245  10$aSports agents and labour markets :$bevidence from world football /$cGiambattista Rossi, Anna Semens and Jean Francois Brochard.
=264  \1$aLondon ;$aNew York :$bRoutledge,$c©2016.
=300  \\$a1 online resource (xvi, 210 pages) :$billustrations, text file, PDF
=336  \\$atext$2rdacontent
=337  \\$acomputer$2rdamedia
=338  \\$aonline resource$2rdacarrier
=490  1\$aRoutledge research in sport business and management ;$v6
=504  \\$aIncludes bibliographical references and index.
=505  0\$a1. The history of football agents -- 2. The activity of football agents -- 3. Football agencies' structure and market consolidation -- 4. Concentration and key actors in the representation market for players in the big five European leagues -- 5. The historical evolution of player agents' regulation by FIFA -- 6. Football agents and transfer networks -- 7. Football agents and third party entitlement -- 8. Future directions and challenges -- 9. Conclusions.
=530  \\$aAlso available in print format.
=610  20$aFederation internationale de football association.
=650  \0$aSoccer players$zEurope.
=650  \0$aSoccer players.
=650  \0$aSoccer$xEconomic aspects$zEurope.
=650  \0$aSoccer$xEconomic aspects.
=650  \0$aSports agents$zEurope.
=650  \0$aSports agents.
=655  \7$aElectronic books.$2lcsh
=700  1\$aBrochard, Jean Francois.
=700  1\$aSemens, Anna.
=776  08$iPrint version: $z9781138015227$q(Hardback)$w(DLC) 2015049694
=793  0\$aTaylor & Francis online monographs (UCSD)
=830  \0$aRoutledge research in sport business and management ;$v6.
=856 40$zTaylor & Francis. Restricted to UCSD IP addresses.$uhttps://www.taylorfrancis.com/books/9781317744801

