=LDR  02330cam a2200529Ii 4500
=001  TF9781315722276
=003  FlBoTFG
=005  20180331111825.0
=006  m\\\\\o\\d\\\\\\\\
=007  cr\\\\\\\\\\\\
=008  180331s2015\\\\nyu\\\\\ob\\\\001\0\eng\d
=020  \\$a9781317524502 (e-book: PDF)$q(e-book : PDF)
=020  \\$z9781317524502$q(e-book: PDF)
=020  \\$z9781317524496$q(e-book: ePub)
=020  \\$z9781317524489$q(e-book: Mobi)
=020  \\$z9781138853102$q(hardback)
=020  \\$z9781138853119$q(paperback)
=020  \\$a9781315722276 (e-book)
=020  \\$a9781317524489 (e-book: Mobi)
=020  \\$a9781317524496 (e-book: ePub)
=020  \\$a9781138853102 (hardback)
=020  \\$a9781138853119 (paperback)
=024  7\$a10.4324/9781315722276 $2doi
=035  \\$a(OCoLC)905855776
=040  \\$aFlBoTFG$cFlBoTFG$erda$beng
=050  \4$aHQ1075$b.S73 2015
=082  04$a305.309$bS799
=100  1\$aStearns, Peter N.,$eauthor.
=245  10$aGender in world history /$cPeter N. Stearns.
=250  \\$aThird edition.
=264  \1$aLondon ;$aNew York :$bRoutledge,$c©2015.
=300  \\$a1 online resource (x, 210 pages) :$btext file, PDF
=336  \\$atext$2rdacontent
=337  \\$acomputer$2rdamedia
=338  \\$aonline resource$2rdacarrier
=490  1\$aThemes in world history
=504  \\$aIncludes bibliographical references and index.
=505  0\$apt. 1. Agricultural societies -- pt. 2. New patterns of contact, 1500-1900 -- pt. 3. The contemporary world.
=520  \\$a"Covering societies from classical times to the twenty-first century, Gender in World History is a fascinating exploration of what happens to established ideas about men, women, and gender roles when different cultural systems come into contact. Now in its third edition, the book has been thoroughly updated"-- Provided by publisher.
=530  \\$aAlso available in print format.
=650  \0$aMan-woman relationships$xHistory.
=650  \0$aSex differences$xHistory.
=650  \0$aSex role$xHistory.
=655  \7$aElectronic books.$2lcsh
=776  08$iPrint version: $z9781138853102$q(Hardback)$w(DLC) 2014038854
=793  0\$aTaylor & Francis online monographs (UCSD)
=830  \0$aThemes in world history.
=856 40$zTaylor & Francis. Restricted to UCSD IP addresses.$uhttps://www.taylorfrancis.com/books/9781317524502

