=LDR  02173cam a2200481Ii 4500
=001  TF9781315772653
=003  FlBoTFG
=005  20180331111825.0
=006  m\\\\\o\\d\\\\\\\\
=007  cr\\\\\\\\\\\\
=008  180331s2016\\\\nyua\\\\ob\\\\001\0\eng\d
=020  \\$a9781317679073 (e-book: PDF)$q(e-book : PDF)
=020  \\$z9781317679073$q(e-book: PDF)
=020  \\$z9781317679066$q(e-book: ePub)
=020  \\$z9781317679059$q(e-book: Mobi)
=020  \\$z9781138777422$q(hardback)
=020  \\$a9781315772653 (e-book)
=020  \\$a9781317679059 (e-book: Mobi)
=020  \\$a9781317679066 (e-book: ePub)
=020  \\$a9781138777422 (hardback)
=020  \\$a9781138319547 (paperback)
=024  7\$a10.4324/9781315772653 $2doi
=035  \\$a(OCoLC)945975304
=040  \\$aFlBoTFG$cFlBoTFG$erda$beng
=050  \4$aN6494.I56$bJ66 2016
=082  04$a709.04074$bJ766
=100  1\$aJones, David Houston,$d1972-,$eauthor.
=245  10$aInstallation art and the practices of archivalism /$cDavid Houston Jones.
=264  \1$aNew York ;$aLondon :$bRoutledge,$c©2016.
=300  \\$a1 online resource (xii, 197 pages) :$billustrations, text file, PDF
=336  \\$atext$2rdacontent
=337  \\$acomputer$2rdamedia
=338  \\$aonline resource$2rdacarrier
=490  1\$aRoutledge advances in art and visual studies ;$v16
=504  \\$aIncludes bibliographical references and index.
=505  0\$a1. The Beckett effect : the intermedial archive -- 2. The archival testimonial : Mirosław Bałka's How it is -- 3. The relational archive : Silvia Kolbowski and Eija-Liisa Ahtila -- 4. The personal archive : from Christian Boltanski to lifelogging -- 5. The archive and the informational sublime : Arnold Dreyblatt.
=530  \\$aAlso available in print format.
=650  \0$aInstallations (Art)
=650  \0$aMemory (Philosophy)
=655  \7$aElectronic books.$2lcsh
=776  08$iPrint version: $z9781138777422$q(Hardback)$w(DLC) 2015048238
=793  0\$aTaylor & Francis online monographs (UCSD)
=830  \0$aRoutledge advances in art and visual studies ;$v16.
=856 40$zTaylor & Francis. Restricted to UCSD IP addresses.$uhttps://www.taylorfrancis.com/books/9781317679073

