=LDR  01663cam a2200433Ii 4500
=001  TF9781351538060
=003  FlBoTFG
=005  20180331111825.0
=006  m\\\\\o\\d\\\\\\\\
=007  cr\\\\\\\\\\\\
=008  180331s2015\\\\nyu\\\\\of\\\\000\0\eng\d
=020  \\$a9781351538060$q(e-book: PDF)
=020  \\$z9781315084428$q(e-book)
=020  \\$z9781138131446$q(hardback)
=020  \\$z9781138850675$q(paperback)
=020  \\$z9781351538046$q(e-book: Mobi)
=020  \\$a9781315084428 (e-book)
=020  \\$a9781351538046 (e-book: Mobi)
=020  \\$a9781138131446 (hardback)
=020  \\$a9781138850675 (paperback)
=024  7\$a10.4324/9781315084428 $2doi
=035  \\$a(OCoLC)1004358154
=040  \\$aDLC$beng$cDLC$dFlBoTFG$erda
=050  \4$aJA71.7$b.G354 2015
=082  04$a005.55$bG149
=100  1\$aGalderisi, Peter F.,$eauthor.
=245  10$aUnderstanding political science statistics using SPSS :$ba manual with exercises /$cPeter Galderisi.
=264  \1$aNew York, NY :$bRoutledge,$c©2015.
=300  \\$a1 online resource :$btext file, PDF
=336  \\$atext$2rdacontent
=337  \\$acomputer$2rdamedia
=338  \\$aonline resource$2rdacarrier
=530  \\$aAlso available in print format.
=630  00$aSPSS (Computer file)$vHandbooks, manuals, etc.
=650  \0$aPolitical science$xData processing$vHandbooks, manuals, etc.
=650  \0$aPolitical statistics$vHandbooks, manuals, etc.
=655  \7$aElectronic books.$2lcsh
=776  08$iPrint version: $z9781138131446(Hardback)
=793  0\$aTaylor & Francis online monographs (UCSD)
=856 40$zTaylor & Francis. Restricted to UCSD IP addresses.$uhttps://www.taylorfrancis.com/books/9781351538060

