=LDR  02264cam a2200517Ii 4500
=001  TF9781315638874
=003  FlBoTFG
=005  20180331102445.0
=006  m\\\\\o\\d\\\\\\\\
=007  cr\\\\\\\\\\\\
=008  180331r20161973enk\\\\\ob\\\\000\0\eng\d
=020  \\$a9781317272342 (e-book: PDF)$q(e-book : PDF)
=020  \\$z9781317272342$q(e-book: PDF)
=020  \\$z9781317272335$q(e-book: ePub)
=020  \\$z9781317272328$q(e-book: Mobi)
=020  \\$z9781138194366$q(hardback)
=020  \\$z9781138194373$q(paperback)
=020  \\$a9781315638874 (e-book)
=020  \\$a9781317272328 (e-book: Mobi)
=020  \\$a9781317272335 (e-book: ePub)
=020  \\$a9781138194366 (hardback)
=020  \\$a9781138194373 (paperback)
=024  7\$a10.4324/9781315638874 $2doi
=035  \\$a(OCoLC)933433248
=040  \\$aFlBoTFG$cFlBoTFG$erda$beng
=043  \\$aa-cc---
=050  \4$aLA1131$b.S49 2016
=082  04$a370.951$bS519
=100  1\$aSeybolt, Peter J.,$eauthor.
=245  10$aRevolutionary education in China :$bdocuments and commentary /$cPeter J. Seybolt.
=264  \1$aOxon [England] :$bRoutledge,$c©2016.
=300  \\$a1 online resource :$btext file, PDF
=336  \\$atext$2rdacontent
=337  \\$acomputer$2rdamedia
=338  \\$aonline resource$2rdacarrier
=490  1\$aRoutledge revivals
=500  \\$aFirst published in 1973 by International Arts and Sciences Press.
=504  \\$aIncludes bibliographical references.
=505  0\$aI. History of the struggle over educational policy -- II. General directives -- III. Educating the elites -- IV. Control of the schools -- V. Teachers and teaching -- VI. Short-term training classes -- VII. Elementary education, rural schools -- VIII. Middle schools, physical education -- IX. Higher-level technical training -- X. Liberal arts colleges -- XI. The Yenan background.
=530  \\$aAlso available in print edition.
=538  \\$aMode of access: World Wide Web.
=650  \0$aEducation$zChina.
=655  \7$aElectronic books.$2lcsh
=776  08$iPrint version: $z9781138194366$q(Hardback)
=793  0\$aTaylor & Francis online monographs (UCSD)
=830  \0$aRoutledge revivals.
=856 40$zTaylor & Francis. Restricted to UCSD IP addresses.$uhttps://www.taylorfrancis.com/books/9781317272342

