=LDR  02548cam a2200505Ii 4500
=001  TF9781315543277
=003  FlBoTFG
=005  20180331111825.0
=006  m\\\\\o\\d\\\\\\\\
=007  cr\\\\\\\\\\\\
=008  180331s2017\\\\enka\\\\ob\\\\001\0\eng\d
=020  \\$a9781134861026 (e-book: PDF)$q(e-book : PDF)
=020  \\$z9781134861026$q(e-book: PDF)
=020  \\$z9781134861095$q(e-book: ePub)
=020  \\$z9781134861163$q(e-book: Mobi)
=020  \\$z9781848936010$q(hardback)
=020  \\$a9781315543277 (e-book)
=020  \\$a9781134861163 (e-book: Mobi)
=020  \\$a9781134861095 (e-book: ePub)
=020  \\$a9781848936010 (hardback)
=024  7\$a10.4324/9781315543277 $2doi
=035  \\$a(OCoLC)951623947
=040  \\$aFlBoTFG$cFlBoTFG$erda$beng
=043  \\$an-us-ca
=050  \4$aHD266.C2$bD67 2017
=082  04$a332.7209794$bD725
=100  1\$aDoti, Lynne Pierson.,$eauthor.
=245  10$aFinancing California real estate :$bSpanish missions to subprime mortgages /$cLynne P. Doti.
=264  \1$aAbingdon, Oxon ;$aNew York, N.Y. :$bRoutledge,$c©2017.
=300  \\$a1 online resource (191 pages) :$billustrations, text file, PDF
=336  \\$atext$2rdacontent
=337  \\$acomputer$2rdamedia
=338  \\$aonline resource$2rdacarrier
=490  1\$aBanking, money and international finance
=504  \\$aIncludes bibliographical references and index.
=505  0\$a1. Serra's missions to Sutter's Fort : to 1848 -- 2. Gold rush to land rush : 1848-1855 -- 3. The silver boom and the golden spike : 1860-1880 -- 4. The Southern California land boom : 1881-1919 -- 5. Farming, oil, movies, and branch banking : 1920-1932 -- 6. Depression and war : 1930-1945 -- 7. Post-war housing boom part I : 1946-1965 -- 8. Post-war boom part II : 1965-1980 -- 9. Crisis, crime, and more mortgages : 1980-1992 -- 10. Derivative chaos : 1992-2008 -- 11. The financial crisis and the future of California real estate financing : 2008-2016.
=530  \\$aAlso available in print format.
=650  \0$aHousing$zCalifornia$xFinance$xHistory.
=650  \0$aMortgage loans$zCalifornia$xHistory.
=650  \0$aReal estate investment$zCalifornia$xHistory.
=650  \0$aReal property$zCalifornia$xFinance$xHistory.
=655  \7$aElectronic books.$2lcsh
=776  08$iPrint version: $z9781848936010(Hardback)$w 2016002699
=793  0\$aTaylor & Francis online monographs (UCSD)
=830  \0$aBanking, money and international finance.
=856 40$zTaylor & Francis. Restricted to UCSD IP addresses.$uhttps://www.taylorfrancis.com/books/9781134861026

