=LDR  02600cam a2200517Ii 4500
=001  TF9781315694269
=003  FlBoTFG
=005  20180331111825.0
=006  m\\\\\o\\d\\\\\\\\
=007  cr\\\\\\\\\\\\
=008  180331s2016\\\\enkab\\\ob\\\\001\0\eng\d
=020  \\$a9781317439066 (e-book: PDF)$q(e-book : PDF)
=020  \\$z9781317439066$q(e-book: PDF)
=020  \\$z9781317439059$q(e-book: ePub)
=020  \\$z9781317439042$q(e-book: Mobi)
=020  \\$z9780415639835$q(hardback)
=020  \\$z9780415639842$q(paperback)
=020  \\$a9781315694269 (e-book)
=020  \\$a9781317439042 (e-book: Mobi)
=020  \\$a9781317439059 (e-book: ePub)
=020  \\$a9780415639835 (hardback)
=020  \\$a9780415639842 (paperback)
=024  7\$a10.4324/9781315694269 $2doi
=035  \\$a(OCoLC)958109761
=040  \\$aFlBoTFG$cFlBoTFG$erda$beng
=050  \4$aQ174.8$b.M66 2016
=082  04$a509$bM788
=100  1\$aMontgomery, Scott L.,$eauthor.
=245  12$aA history of science in world cultures :$bvoices of knowledge /$cScott L. Montgomery and Alok Kumar.
=264  \1$aLondon ;$aNew York :$bRoutledge,$c©2016.
=300  \\$a1 online resource (xiii, 349 pages) :$billustrations, text file, PDF
=336  \\$atext$2rdacontent
=337  \\$acomputer$2rdamedia
=338  \\$aonline resource$2rdacarrier
=504  \\$aIncludes bibliographical references and index.
=505  0\$a1. Cultural diversity and the scientific endeavor -- 2. Science in Egypt : creating a civilization -- 3. Land between two rivers : science in ancient Mesopotamia -- 4. Indian science : a great blending of traditions -- 5. The Greeks and science : powers of discovery and inheritance -- 6. Science in China : the wages of order and invention -- 7. Science in Islam : absorption and transformation -- 8. New World civilazations : Olmecs, Incas, Mayans, and Aztecs -- 9. Inheriting and interpreting the world : the scientific culture of late Medieval and Renaissance Europe -- 10. Conclusion : themes in the world history of scientific cultures.
=530  \\$aAlso available in print format.
=650  \0$aCivilization, Western$xHistory.
=650  \0$aScience and civilization$xHistory.
=650  \0$aScience$xHistory.
=650  \0$aScience$xPhilosophy$xHistory.
=650  \0$aScience, Renaissance.
=655  \7$aElectronic books.$2lcsh
=700  1\$aKumar, Alok,$d1954-
=776  08$iPrint version: $z9780415639835$q(Hardback)$w(DLC) 2015002474
=793  0\$aTaylor & Francis online monographs (UCSD)
=856 40$zTaylor & Francis. Restricted to UCSD IP addresses.$uhttps://www.taylorfrancis.com/books/9781317439066

