=LDR  03309cam a2200517Ii 4500
=001  TF9781315668772
=003  FlBoTFG
=005  20180331111825.0
=006  m\\\\\o\\d\\\\\\\\
=007  cr\\\\\\\\\\\\
=008  180331s2016\\\\enk\\\\\ob\\\\001\0\eng\d
=020  \\$a9781317362128 (e-book: PDF)$q(e-book : PDF)
=020  \\$z9781317362128$q(e-book: PDF)
=020  \\$z9781317362111$q(e-book: ePub)
=020  \\$z9781317362104$q(e-book: Mobi)
=020  \\$z9781138950337$q(hardback)
=020  \\$z9781138097964$q(paperback)
=020  \\$a9781315668772 (e-book)
=020  \\$a9781317362104 (e-book: Mobi)
=020  \\$a9781317362111 (e-book: ePub)
=020  \\$a9781138950337 (hardback)
=020  \\$a9781138097964 (paperback)
=024  7\$a10.4324/9781315668772 $2doi
=035  \\$a(OCoLC)937719285
=040  \\$aFlBoTFG$cFlBoTFG$erda$beng
=043  \\$aa-em---
=050  \4$aDS649.7$b.B48 2016
=082  04$a320.95987$bB567
=100  1\$aBeuman, Lydia.,$eauthor.
=245  10$aPolitical institutions in East Timor :$bsemi-presidentialism and democratisation /$cLydia M. Beuman.
=264  \1$aLondon ;$aNew York :$bRoutledge,$c©2016.
=300  \\$a1 online resource (xv, 141 pages) :$btext file, PDF
=336  \\$atext$2rdacontent
=337  \\$acomputer$2rdamedia
=338  \\$aonline resource$2rdacarrier
=490  1\$aRoutledge contemporary Southeast Asia series ;$v79
=504  \\$aIncludes bibliographical references and index.
=505  0\$a1. Semi-presidentialism and democracy -- 2. East Timor's semi-presidential system -- 3. The road to independence and the adoption of a semi-presidential system -- 4. Cohabitation -- 5. Divided government -- 6. Unified majority government -- 7. Conclusion -- 8. Postscript.
=520  \\$a"In 2002, East Timor became an independent state following a long conflict with Indonesia, and went on to adopt a semi-presidential form of government. In a semi-presidential system there is a directly elected fixed-term president, prime minister and government who are collectively responsible for the legislature. Over 50 countries in the world have adopted such a system. This book examines the politics of semi-presidentialism in East Timor from 2002-2012 and post-2012 political developments. It analyses the impact of semi-presidentialism on the performance of East Timor's democracy, and looks at whether semi-presidentialism encourages power sharing between competing forces, or whether it provoke a power struggle that threatens democratic stability. Using East Timor as a case study, the author explains whether the adoption of semi-presidentialism helps or hinders the process of democratisation in new democracies. It is of interest to researchers in the fields of Political Science and Asian Studies, in particular Southeast Asian Politics"--$cProvided by publisher.
=530  \\$aAlso available in print format.
=650  \0$aDemocracy$zTimor-Leste.
=651  \0$aTimor-Leste$xPolitics and government$y2002-
=655  \7$aElectronic books.$2lcsh
=776  08$iPrint version: $z9781138950337(Hardback)$w 2015036590
=793  0\$aTaylor & Francis online monographs (UCSD)
=830  \0$aRoutledge contemporary Southeast Asia series ;$v79.
=856 40$zTaylor & Francis. Restricted to UCSD IP addresses.$uhttps://www.taylorfrancis.com/books/9781317362128

