=LDR  01980cam a2200469Ii 4500
=001  TF9781134472178
=003  FlBoTFG
=005  20180331111825.0
=006  m\\\\\o\\d\\\\\\\\
=007  cr\\\\\\\\\\\\
=008  180331s2016\\\\enka\\\\ob\\\\001\0\eng\d
=020  \\$a9781134472178$q(e-book: PDF)
=020  \\$z9780203794876$q(e-book : PDF)
=020  \\$z9780415703208$q(hardback)
=020  \\$z9781134472246$q(e-book: ePub)
=020  \\$z9781134472314$q(e-book: Mobi)
=020  \\$a9780203794876 (e-book)
=020  \\$a9781134472314 (e-book: Mobi)
=020  \\$a9781134472246 (e-book: ePub)
=020  \\$a9780415703208 (hardback)
=024  7\$a10.4324/9780203794876 $2doi
=035  \\$a(OCoLC)958105206
=040  \\$aFlBoTFG$cFlBoTFG$erda$beng
=050  \4$aHF5415.32$b.F6778 2016
=082  04$a362.29$bF794
=100  1\$aFoxall, G. R.,$eauthor.
=245  10$aAddiction as consumer choice :$bexploring the cognitive dimension /$cGordon R. Foxall.
=264  \1$aLondon ;$aNew York :$bRoutledge,$c©2016.
=300  \\$a1 online resource (xv, 221 pages) :$billustrations, text file, PDF
=336  \\$atext$2rdacontent
=337  \\$acomputer$2rdamedia
=338  \\$aonline resource$2rdacarrier
=490  0\$aRoutledge studies in marketing ;$v1
=504  \\$aIncludes bibliographical references and index.
=505  0\$a1. Speaking of addiction -- 2. Temporal preference -- 3. Consumption and addiction -- 4. Psychological explanation : intentional interpretation -- 5. Psychological explanation : cognitive interpretation.
=530  \\$aAlso available in print format.
=650  \0$aCompulsive behavior.
=650  \0$aConsumer behavior.
=650  \0$aConsumption (Economics)$xPsychological aspects.
=655  \7$aElectronic books.$2lcsh
=776  08$iPrint version: $z9780415703208(Hardback)$w(DLC) 2015036212
=793  0\$aTaylor & Francis online monographs (UCSD)
=856 40$zTaylor & Francis. Restricted to UCSD IP addresses.$uhttps://www.taylorfrancis.com/books/9781134472178

