=LDR  01937cam a2200505Ii 4500
=001  TF9781315629124
=003  FlBoTFG
=005  20180331111825.0
=006  m\\\\\o\\d\\\\\\\\
=007  cr\\\\\\\\\\\\
=008  180331s2016\\\\enkab\\\ob\\\\001\0\eng\d
=020  \\$a9781317243090 (e-book: PDF)$q(e-book : PDF)
=020  \\$z9781317243090$q(e-book: PDF)
=020  \\$z9781317243083$q(e-book: ePub)
=020  \\$z9781317243076$q(e-book: Mobi)
=020  \\$z9781138999060$q(hardback)
=020  \\$z9781138999091$q(paperback)
=020  \\$a9781315629124 (e-book)
=020  \\$a9781317243076 (e-book: Mobi)
=020  \\$a9781317243083 (e-book: ePub)
=020  \\$a9781138999060 (hardback)
=020  \\$a9781138999091 (paperback)
=024  7\$a10.4324/9781315629124 $2doi
=035  \\$a(OCoLC)950712857
=040  \\$aFlBoTFG$cFlBoTFG$erda$beng
=043  \\$aa-cc---
=050  \4$aDS777.55$b.B416 2016
=082  04$a951.05$bB474
=100  1\$aBenson, Linda.,$eauthor.
=245  10$aChina since 1949 /$cLinda Benson.
=250  \\$aThird edition.
=264  \1$aLondon ;$aNew York :$bRoutledge,$c©2016.
=300  \\$a1 online resource (xxix, 214 pages) :$billustrations, text file, PDF
=336  \\$atext$2rdacontent
=337  \\$acomputer$2rdamedia
=338  \\$aonline resource$2rdacarrier
=490  1\$aSeminar studies
=504  \\$aIncludes bibliographical references (p. [206]-208) and index.
=505  0\$apt. 1. China's past -- pt. 2. China under the Communist Party -- pt. 3. Assessing China's rise -- pt. 4. Documents.
=530  \\$aAlso available in print format.
=651  \0$aChina$xHistory$y1949-
=655  \7$aElectronic books.$2lcsh
=776  08$iPrint version: $z9781138999060(Hardback)$w 2015039788
=793  0\$aTaylor & Francis online monographs (UCSD)
=830  \0$aSeminar studies (Routledge (Firm))
=856 40$zTaylor & Francis. Restricted to UCSD IP addresses.$uhttps://www.taylorfrancis.com/books/9781317243090

