=LDR  01950cam a2200457Ii 4500
=001  TF9781315448992
=003  FlBoTFG
=005  20180331111825.0
=006  m\\\\\o\\d\\\\\\\\
=007  cr\\\\\\\\\\\\
=008  180331s2017\\\\enkab\\\obf\\\001\0\eng\d
=020  \\$a9781315448992$q(e-book: PDF)
=020  \\$z9781315449005$q(e-book)
=020  \\$z9781315448978$q(e-book: Mobi)
=020  \\$z9780415841306$q(hardback)
=020  \\$a9781315449005 (e-book)
=020  \\$a9781315448978 (e-book: Mobi)
=020  \\$a9780415841306 (hardback)
=035  \\$a(OCoLC)966385890
=040  \\$aFlBoTFG$cFlBoTFG$erda$beng
=050  \4$aCC175$b.R68 2017
=082  04$a930.1$bR869
=245  04$aThe Routledge handbook of archaeology and globalization /$cedited by Tamar Hodos ; with Alexander Geurds .. [et al.].
=246  30$aHandbook of archaeology and globalization 
=264  \1$aLondon ;$aNew York :$bRoutledge,$c©2017.
=300  \\$a1 online resource (xxiv, 970 pages) :$billustrations, text file, PDF
=336  \\$atext$2rdacontent
=337  \\$acomputer$2rdamedia
=338  \\$aonline resource$2rdacarrier
=490  1\$aRoutledge handbooks
=504  \\$aIncludes bibliographical references and index.
=505  0\$apt. 1. Introduction -- pt. 2. Africa -- pt. 3. Americas -- pt. 4. Australasia and Oceania -- pt. 5. East Asia -- pt. 6. Europe -- pt. 7. Mediterranean -- pt. 8. Southeast Asia -- pt. 9. West Asia -- pt. 10. Conclusion.
=530  \\$aAlso available in print format.
=650  \0$aArchaeology$vHandbooks, manuals, etc.
=650  \0$aGlobalization$vHandbooks, manuals, etc.
=655  \7$aElectronic books.$2lcsh
=700  1\$aGeurds, Alexander,$d1974-
=700  1\$aHodos, Tamar.
=776  08$iPrint version: $z9780415841306$q(Hardback)
=793  0\$aTaylor & Francis online monographs (UCSD)
=830  \0$aRoutledge handbooks.
=856 40$zTaylor & Francis. Restricted to UCSD IP addresses.$uhttps://www.taylorfrancis.com/books/9781315448992

