=LDR  02095cam a2200517Ii 4500
=001  TF9781315648002
=003  FlBoTFG
=005  20180331111825.0
=006  m\\\\\o\\d\\\\\\\\
=007  cr\\\\\\\\\\\\
=008  180331s2016\\\\nyua\\\\ob\\\\001\0\eng\d
=020  \\$a9781317299714 (e-book: PDF)$q(e-book : PDF)
=020  \\$z9781317299714$q(e-book: PDF)
=020  \\$z9781317299707$q(e-book: ePub)
=020  \\$z9781317299691$q(e-book: Mobi)
=020  \\$z9781848725263$q(hardback)
=020  \\$z9781848725270$q(paperback)
=020  \\$a9781315648002 (e-book)
=020  \\$a9781317299691 (e-book: Mobi)
=020  \\$a9781317299707 (e-book: ePub)
=020  \\$a9781848725263 (hardback)
=020  \\$a9781848725270 (paperback)
=024  7\$a10.4324/9781315648002 $2doi
=035  \\$a(OCoLC)958109079
=040  \\$aFlBoTFG$cFlBoTFG$erda$beng
=050  \4$aHV4998$b.A346 2016
=082  04$a362.29$bA224
=130  0\$aAddictions (Kopetz and Lejuez)
=245  10$aAddictions :$ba social psychological perspective /$cedited by Catalina E. Kopetz and Carl W. Lejuez.
=264  \1$aNew York ;$aLondon :$bRoutledge,$c©2016.
=300  \\$a1 online resource (x, 289 pages) :$billustrations, text file, PDF
=336  \\$atext$2rdacontent
=337  \\$acomputer$2rdamedia
=338  \\$aonline resource$2rdacarrier
=490  1\$aFrontiers of social psychology
=504  \\$aIncludes bibliographical references and index.
=505  0\$apt. 1. Introduction -- pt. 2. Basic processes -- pt. 3. Application challenges : how basic science can inform prevention, treatment, and policy.
=530  \\$aAlso available in print format.
=650  \0$aSubstance abuse$xPsychological aspects.
=650  \0$aSubstance abuse.
=655  \7$aElectronic books.$2lcsh
=700  1\$aKopetz, Catalina E.
=700  1\$aLejuez, Carl W.
=776  08$iPrint version: $z9781848725263(Hardback)$w 2015027808
=793  0\$aTaylor & Francis online monographs (UCSD)
=830  \0$aFrontiers of social psychology.
=856 40$zTaylor & Francis. Restricted to UCSD IP addresses.$uhttps://www.taylorfrancis.com/books/9781317299714

