=LDR  02326cam a2200529Ii 4500
=001  TF9781315692548
=003  FlBoTFG
=005  20180331111825.0
=006  m\\\\\o\\d\\\\\\\\
=007  cr\\\\\\\\\\\\
=008  180331s2016\\\\enk\\\\\ob\\\\001\0\eng\d
=020  \\$a9781317433446 (e-book: PDF)$q(e-book : PDF)
=020  \\$z9781317433446$q(e-book: PDF)
=020  \\$z9781317433439$q(e-book: ePub)
=020  \\$z9781317433422$q(e-book: Mobi)
=020  \\$z9781138911598$q(hardback)
=020  \\$z9780815375678$q(paperback)
=020  \\$a9781315692548 (e-book)
=020  \\$a9781317433422 (e-book: Mobi)
=020  \\$a9781317433439 (e-book: ePub)
=020  \\$a9781138911598 (hardback)
=020  \\$a9780815375678 (paperback)
=024  7\$a10.4324/9781315692548 $2doi
=035  \\$a(OCoLC)945552901
=040  \\$aFlBoTFG$cFlBoTFG$erda$beng
=043  \\$aa-ja---
=050  \4$aHQ1090.7.J3$bC66 2016
=082  04$a305.310952$bC771
=100  1\$aCook, Emma E.,$eauthor.
=245  10$aReconstructing adult masculinities :$bpart-time work in contemporary Japan /$cEmma E. Cook.
=264  \1$aLondon ;$aNew York :$bRoutledge, Taylor & Franics Group,$c©2016.
=300  \\$a1 online resource (xv, 207 pages) :$btext file, PDF
=336  \\$atext$2rdacontent
=337  \\$acomputer$2rdamedia
=338  \\$aonline resource$2rdacarrier
=490  1\$aNissan Institute/Routledge Japanese studies series
=504  \\$aIncludes bibliographical references (p. 179-200) and index.
=505  0\$a1. Immature masculinities? Freeter labour and adulthood -- 2. Being and becoming : aspirational labour and masculinities -- 3. Familial (dis)connections : masculinities and labour at home -- 4. Marital desires and restrictive masculinities -- 5. Female labour and commodified selfhood.
=530  \\$aAlso available in print format.
=650  \0$aAdulthood$zJapan.
=650  \0$aMasculinity$zJapan.
=650  \0$aMen$zJapan$xIdentity.
=650  \0$aPart-time employment$xSocial aspects$zJapan.
=655  \7$aElectronic books.$2lcsh
=776  08$iPrint version: $z9781138911598(Hardback)$w 2015027906
=793  0\$aTaylor & Francis online monographs (UCSD)
=830  \0$aNissan Institute/Routledge Japanese studies series.
=856 40$zTaylor & Francis. Restricted to UCSD IP addresses.$uhttps://www.taylorfrancis.com/books/9781317433446

