=LDR  02600cam a2200541Ii 4500
=001  TF9781315609928
=003  FlBoTFG
=005  20180331102445.0
=006  m\\\\\o\\d\\\\\\\\
=007  cr\\\\\\\\\\\\
=008  180331s2016\\\\enk\\\\\ob\\\\001\0deng\d
=020  \\$a9781317052579 (e-book: PDF)$q(e-book : PDF)
=020  \\$z9781317052579$q(e-book: PDF)
=020  \\$z9781317052562$q(e-book: ePub)
=020  \\$z9781317052555$q(e-book: Mobi)
=020  \\$z9781409438458$q(hardback)
=020  \\$a9781315609928 (e-book)
=020  \\$a9781317052555 (e-book: Mobi)
=020  \\$a9781317052562 (e-book: ePub)
=020  \\$a9781409438458 (hardback)
=024  7\$a10.4324/9781315609928 $2doi
=035  \\$a(OCoLC)953692534
=040  \\$aFlBoTFG$cFlBoTFG$erda$beng
=043  \\$an-mx---
=050  \4$aPQ7296.J6$bZ6915 2016
=082  04$a861.3$bK593
=100  1\$aKirk, Stephanie L.,$eauthor.
=245  10$aSor Juana Ines de la Cruz and the gender politics of knowledge in colonial Mexico /$cStephanie Kirk.
=264  \1$aAbingdon, Oxon :$bRoutledge,$c©2016.
=300  \\$a1 online resource :$btext file, PDF
=336  \\$atext$2rdacontent
=337  \\$acomputer$2rdamedia
=338  \\$aonline resource$2rdacarrier
=490  1\$aNew Hispanisms: cultural and literary studies
=504  \\$aIncludes bibliographical references and index.
=505  0\$a1. Dangerous books and vagabond readers : the gender politics of the library in colonial Mexico -- 2. Latinate culture and classical erudition : the gender politics of education in colonial Mexico -- 3. Literary dissections : the gender politics of medicine and anatomy in colonial Mexico -- 4. Disseminating knowledge : the gender politics of print in colonial Mexico -- 5. The new world sacred : the gender politics of piety in colonial Mexico.
=530  \\$aAlso available in print format.
=538  \\$aMode of access: World Wide Web.
=600  10$aJuana Ines de la Cruz,$cSister,$d1651-1695$xCriticism and interpretation.
=600  10$aJuana Ines de la Cruz,$cSister,$d1651-1695$xKnowledge and learning.
=650  \0$aChristianity and literature$zMexico$xHistory$y17th century.
=650  \0$aWomen and literature$zMexico$xHistory$y17th century.
=650  \0$aWomen in literature.
=651  \0$aMexico$xCivilization$y17th century.
=655  \7$aElectronic books.$2lcsh
=776  08$iPrint version: $z9781409438458(Hardback)$w 2015042128
=793  0\$aTaylor & Francis online monographs (UCSD)
=830  \0$aNew hispanisms.
=856 40$zTaylor & Francis. Restricted to UCSD IP addresses.$uhttps://www.taylorfrancis.com/books/9781317052579

