=LDR  03015cam a2200541Ii 4500
=001  TF9781315426730
=003  FlBoTFG
=005  20180330125217.0
=006  m\\\\\o\\d\\\\\\\\
=007  cr\\\\\\\\\\\\
=008  180331r20162015enkab\\\ob\\\\001\0\eng\d
=020  \\$a9781315426723 (e-book: PDF)$q(e-book : PDF)
=020  \\$z9781315426723$q(e-book: PDF)
=020  \\$z9781315426716$q(e-book: ePub)
=020  \\$z9781315426709$q(e-book: Mobi)
=020  \\$z9781629581743$q(hardback)
=020  \\$z9781629581750$q(paperback)
=020  \\$a9781315426730 (e-book)
=020  \\$a9781315426709 (e-book: Mobi)
=020  \\$a9781315426716 (e-book: ePub)
=020  \\$a9781629581743 (hardback)
=020  \\$a9781629581750 (paperback)
=024  7\$a10.4324/9781315426730 $2doi
=035  \\$a(OCoLC)956466676
=040  \\$aFlBoTFG$cFlBoTFG$erda$beng
=043  \\$an-mx---
=050  \4$aHN120.S25$bS65 2016
=082  04$a306.097252$bS683
=100  1\$aSokolovsky, Jay.,$eauthor.
=245  10$aIndigenous Mexico engages the 21st century :$ba multimedia-enabled text /$cJay Sokolovsky.
=246  3\$aIndigenous Mexico engages the twenty-first century
=264  \1$aLondon :$bRoutledge,$c©2016.
=300  \\$a1 online resource (192 pages) :$billustrations, text file, PDF
=336  \\$atext$btxt$2rdacontent
=337  \\$acomputer$bc$2rdamedia
=338  \\$aonline resource$bcr$2rdacarrier
=500  \\$aFirst published 2015 by Left Coast Press, Inc.
=504  \\$aIncludes bibliographical references and index.
=505  0\$ach. 1. Never say "Chou-chou ley" to an Aztec! -- ch. 2. Orientation to this book -- ch. 3. Historical and cultural context of community transformation -- ch. 4. "Hey mister, are you an anthropologist?" : and other mysteries of fieldwork, culture and history -- ch. 5. "Never more campesinos" : life course in twenty-first-century perspective -- ch. 6. Who are you calling Indio? : ethnoscapes and the false faces of tradition and modifernity -- ch. 7. Why Rosalba fainted at her wedding and other tales of family, work and globalization -- ch. 8. Ritual drama, religion and the spaces in between -- ch. 9. Magical cosmology : myth, witches, vampires and water dwarfs -- ch. 10. Conclusions : the varied meanings of "never more campesinos" / with the assistance of Manuel Moreno.
=530  \\$aAlso available in print format.
=650  \0$aAnthropology$xFieldwork$zMexico$zSan Jeronimo Amanalco.
=650  \0$aGlobalization$xSocial aspects$zMexico$zSan Jeronimo Amanalco.
=650  \0$aIndians of Mexico$zMexico$zSan Jeronimo Amanalco$xRites and ceremonies.
=650  \0$aIndians of Mexico$zMexico$zSan Jeronimo Amanalco$xSocial life and customs.
=651  \0$aSan Jeronimo Amanalco (Mexico)$xSocial conditions.
=655  \7$aElectronic books.$2lcsh
=776  08$iPrint version: $z9781629581743(Hardback)$w 2014047037
=793  0\$aTaylor & Francis online monographs (UCSD)
=856 40$zTaylor & Francis. Restricted to UCSD IP addresses.$uhttps://www.taylorfrancis.com/books/9781315426723

