=LDR  03344cam a2200541Ii 4500
=001  TF9781315562551
=003  FlBoTFG
=005  20180331111825.0
=006  m\\\\\o\\d\\\\\\\\
=007  cr\\\\\\\\\\\\
=008  180331s2017\\\\enkab\\\ob\\\\001\0\eng\d
=020  \\$a9781317204701 (e-book: PDF)$q(e-book : PDF)
=020  \\$z9781317204701$q(e-book: PDF)
=020  \\$z9781317204695$q(e-book: ePub)
=020  \\$z9781317204688$q(e-book: Mobi)
=020  \\$z9781138124134$q(hardback)
=020  \\$z9781138963269$q(paperback)
=020  \\$a9781315562551 (e-book)
=020  \\$a9781317204688 (e-book: Mobi)
=020  \\$a9781317204695 (e-book: ePub)
=020  \\$a9781138124134 (hardback)
=020  \\$a9781138963269 (paperback)
=024  7\$a10.4324/9781315562551 $2doi
=035  \\$a(OCoLC)953566765
=040  \\$aFlBoTFG$cFlBoTFG$erda$beng
=043  \\$ae------
=050  \4$aD741$b.O84 2017
=082  04$a940.5311$bO968
=100  1\$aOvery, Richard.,$eauthor.
=245  14$aThe origins of the Second World War /$cRichard Overy.
=246  3\$aOrigins of the 2nd World War
=250  \\$aFourth edition.
=264  \1$aMilton Park, Abingdon, Oxon ;$aNew York, N.Y. :$bRoutledge,$c©2017.
=300  \\$a1 online resource (xxii, 157 pages) :$billustrations, text file, PDF
=336  \\$atext$2rdacontent
=337  \\$acomputer$2rdamedia
=338  \\$aonline resource$2rdacarrier
=490  1\$aSeminar studies in history
=504  \\$aIncludes bibliographical references and index.
=505  0\$apt. 1. Background -- pt. 2. Analysis -- pt. 3. Assessment -- pt. 4. Documents.
=520  2\$a"Exploring the reasons why the Second World War broke out in September 1939 and why a European conflict developed into a war that spanned the globe, The Origins of the Second World War argues that this was not just 'Hitler's War' but one that had its roots and origins in the decline of the old empires of Britain and France and the rise of ambitious new powers in Germany, Italy and Japan who wanted large empires of their own. This fourth edition has been revised throughout, covering the origins of the war from its background in the First World War to its expansion to embrace the Soviet Union, Japan and the United States by the end of 1941. Creating a comprehensive and analytical narrative while remaining a succinct overview of the subject, this book takes a thematic approach to the complex range of events that culminated in global warfare, discussing factors such as economic rivalry, rearmament and domestic politics and emphasising that any explanation of the outbreak of hostilities must be global in scope. Containing updated references and primary source documents alongside a glossary, a chronology of key events and a Who's Who of important figures, this book is an invaluable introduction for any student of this fascinating period"--Provided by the publisher.
=530  \\$aAlso available in print format.
=650  \0$aWorld War, 1939-1945$xCauses.
=651  \0$aEurope$xPolitics and government$y1918-1945.
=655  \7$aElectronic books.$2lcsh
=776  08$iPrint version: $z9781138124134(Hardback)$w 2016023288
=793  0\$aTaylor & Francis online monographs (UCSD)
=830  \0$aSeminar studies in history.
=856 40$zTaylor & Francis. Restricted to UCSD IP addresses.$uhttps://www.taylorfrancis.com/books/9781317204701

