=LDR  02496cam a2200445Ii 4500
=001  TF9781482282962
=003  FlBoTFG
=005  20180417115037.0
=006  m\\\\\o\\d\\\\\\\\
=007  cr\\\\\\\\\\\\
=008  180417s2000\\\\flu\b\\\ob\\\\001\0\eng\d
=020  \\$a9781482282962$q(e-book : PDF)
=020  \\$a9789056992613 (hardback)
=035  \\$a(OCoLC)43580283
=040  \\$aFlBoTFG$cFlBoTFG$erda
=050  \4$aTA417.7.F5
=072  \7$aSCI$x041000 $2bisacsh
=072  \7$aTEC$x027000 $2bisacsh
=072  \7$aTBC $2bicscc
=082  04$a620.1/1232$223
=100  1\$aSmith, Stuart T.,$d1961-$eauthor.
=245  10$aFlexures :$belements of elastic mechanisms /$cby Stuart T. Smith.
=250  \\$aFirst edition.
=263  \\$a200008
=264  \1$aBoca Raton, FL :$bTaylor and Francis, an imprint of CRC Press,$c©2000.
=300  \\$a1 online resource (430 pages) :$btext file, PDF
=336  \\$atext$2rdacontent
=337  \\$acomputer$2rdamedia
=338  \\$aonline resource$2rdacarrier
=504  \\$aIncludes bibliographical references and index.
=505  0\$achapter 1 Introduction -- chapter 2 Essentials -- chapter 3 Rigid body dynamics -- chapter 4 Flexure elements -- chapter 5 Flexure systems -- chapter 6 Hinges of rotational symmetry -- chapter 7 Levers -- chapter 8 Manufacturing and assembly considerations.
=520  3\$aThis book presents some basic flexure geometries and the analytic models, which can be assessed for specific design applications. The author then goes beyond this fundamental explanation to explore more sophisticated issues. Specifically, the text discusses integration of these flexure geometries and analytic models to produce useful mechanisms for precise motion control with fast dynamic response. This book will be useful for advanced undergraduate and graduate students, particularly those who hope to acquire competence in experimental and mechanical sciences. Practicing engineers and other scientists currently working in related fields will also benefit from Flexure.
=530  \\$aAlso available in print format.
=650  \7$aTECHNOLOGY & ENGINEERING / Nanotechnology & MEMS.$2bisacsh
=650  \0$aElasticity.
=650  \0$aFlexure.
=655  \7$aElectronic books.$2lcsh
=710  2\$aTaylor and Francis.
=776  08$iPrint version: $z9789056992613(Hardback)$w(DLC)  2002421797
=793  0\$aTaylor & Francis online monographs (UCSD)
=856 40$zTaylor & Francis. Restricted to UCSD IP addresses.$uhttps://www.taylorfrancis.com/books/9781482282962

