=LDR  04354cam a2200433Ii 4500
=001  TF9781351479295
=005  20180331102445.0
=006  m\\\\\o\\d\\\\\\\\
=007  cr\\\\\\\\\\\\
=008  180331s2017\\\\xx\\\\\\o\\\\\000\0\eng\d
=020  \\$a9781351479295$q(e-book: PDF)
=020  \\$z9781315133201$q(e-book)
=020  \\$z9781351479271$q(e-book: Mobi)
=020  \\$z9781138536876$q(hardback)
=020  \\$z9781412805193$q(paperback)
=020  \\$a9781315133201 (e-book)
=020  \\$a9781351479271 (e-book: Mobi)
=020  \\$a9781138536876 (hardback)
=020  \\$a9781412805193 (paperback)
=024  7\$a10.4324/9781315133201 $2doi
=035  \\$a(OCoLC)1004362640
=040  \\$aFlBoTFG$beng$cFlBoTFG$erda
=050  \4$aDS19$b.P739 2017
=082  04$a951.7
=100  1\$aPrawdin, Michael,$eauthor.
=245  14$aThe Mongol Empire  :$bIts Rise and Legacy /$cMichael Prawdin.
=250  \\$aFirst edition.
=264  \1$aLondon :$bTaylor and Francis,$c©2017.
=300  \\$a1 online resource :$btext file, PDF
=336  \\$atext$2rdacontent
=337  \\$acomputer$2rdamedia
=338  \\$aonline resource$2rdacarrier
=505  0\$achapter INTRODUCTION TO THE TRANSACTION EDITION -- chapter PROLOGUE EUROPE AWAITS KING DAVID -- part PART ONE—JENGHIZ KHAN -- chapter I YOUNG TEMUCHIN -- chapter II EXPANDING POWER -- chapter III ALLIANCE WITH THE KHAN OF THE KERAITS -- chapter IV DANGER THREATENS -- chapter V JENGHIZ KHAN OF KHANS -- chapter VI TRAINING OF THE MONGOLS -- chapter VII THE CHINESE WAR -- chapter VIII THE WORLD IN THE WEST -- chapter IX WAR AGAINST THE SHAH -- chapter X A WAR OF ANNIHILATION -- chapter XI THE SAGE FROM CHINA -- chapter XII RETURN -- chapter XIII JENGHIZ KHAN'S HERITAGE -- part PART TWO—THE MONGOL EMPIRE -- chapter XIV A GREAT PRIME MINISTER -- chapter XV THE MONGOLS IN EUROPE -- chapter XVI AMONG THE TARTARS -- chapter XVII THE CONQUEROR'S GRANDSONS -- chapter XVIII A GENERAL ONSLAUGHT -- chapter XIX KUBLAI KHAN -- chapter XX MARCO POLO'S MILLIONS -- part PART THREE—THE THREE REALMS -- chapter XXI END OF THE EMPIRE -- chapter XXII THE REALM OF THE ILKHANS -- chapter XXIII THE YUEN DYNASTY -- chapter XXIV THE GOLDEN HORDE -- chapter XXV THE CENTRE -- part PART FOUR—TAMERLANE -- chapter XXVI THE LAND BETWEEN THE REALMS -- chapter XXVII KNIGHT-ERRANT -- chapter XXVIII LORD OF TRANSOXANIA -- chapter XXIX WAR AGAINST TOKTAMISH -- chapter XXX THE FIVE YEARS' CAMPAIGN -- chapter XXXI THE SEXAGENARIAN -- chapter XXXII DREAM OF WORLD-DOMINION -- part PART FIVE—THE HERITAGE -- chapter XXXIII THE HEIRS -- chapter XXXIV THE DISINHERITED.
=520  2\$a"In his prologue to The Mongol Empire, Michael Prawdin sets the stage for the last and mightiest onslaught of the nomads upon the civilized world. He tells of the many rejoicings in Europe over the successes of the Crusaders in A.D. 1221. But little did Europe know that two decades later, the Mongol hordes organized by Genghis Khan would turn the Middle East into a heap of ruins and spread terror throughout the West. A work of enduring scholarship and literary excellence, The Mongol Empire is a classic on the rise and fall of the world's largest empire. It describes the incredible ascent of the Mongol people, which, through the political and military genius of Genghis Khan, overwhelmed and subdued the nation's of most of the world. It demonstrates the transformation of barbarous nomads into the most efficient rulers of their time and describes the crumbling of their vast empire and the assumption of its legacy by the formerly subjugated China and Russia. Maurice Collis in Time and Tide said of The Mongol Empire: "It has the rare merit of being both scholarly and exciting...The entire world comes on to his canvas, romantic and fantastical persons pass in our view, and at the conclusion we realize that we have seen the whole of what Marco Polo saw only in part. " while The Observer commented, "it is a fine book, full of dramatic occasion well used, clear in proportions.""--Provided by publisher.
=530  \\$aAlso available in print format.
=650  04$aHistory
=655  \7$aElectronic books.$2lcsh
=776  08$iPrint version: $z9781138536876$q(Hardback)
=793  0\$aTaylor & Francis online monographs (UCSD)
=856 40$zTaylor & Francis. Restricted to UCSD IP addresses.$uhttps://www.taylorfrancis.com/books/9781351479295

