=LDR  02251cam a2200517Ii 4500
=001  TF9781315759371
=003  FlBoTFG
=005  20180331111825.0
=006  m\\\\\o\\d\\\\\\\\
=007  cr\\\\\\\\\\\\
=008  180331s2016\\\\nyuab\\\ob\\\\001\0\eng\d
=020  \\$a9781317638988 (e-book: PDF)$q(e-book : PDF)
=020  \\$z9781317638988$q(e-book: PDF)
=020  \\$z9781317638971$q(e-book: ePub)
=020  \\$z9781317638964$q(e-book: Mobi)
=020  \\$z9781138794245$q(hardback)
=020  \\$z9781138499065$q(paperback)
=020  \\$a9781315759371 (e-book)
=020  \\$a9781317638964 (e-book: Mobi)
=020  \\$a9781317638971 (e-book: ePub)
=020  \\$a9781138794245 (hardback)
=020  \\$a9781138499065 (paperback)
=024  7\$a10.4324/9781315759371 $2doi
=035  \\$a(OCoLC)958101008
=040  \\$aFlBoTFG$cFlBoTFG$erda$beng
=043  \\$aa-cc---
=050  \4$aP115.5.C6$bM85 2016
=082  04$a306.446089951$bM961
=245  00$aMultilingualism in the Chinese diaspora worldwide :$btransnational connections and local social realities /$cedited by Li Wei.
=264  \1$aNew York ;$aLondon :$bRoutledge,$c©2016.
=300  \\$a1 online resource (xi, 323 pages) :$billustrations, text file, PDF
=336  \\$atext$2rdacontent
=337  \\$acomputer$2rdamedia
=338  \\$aonline resource$2rdacarrier
=490  1\$aRoutledge critical studies in multilingualism ;$v10
=504  \\$aIncludes bibliographical references and index.
=505  0\$apt. 1. Emerging diaspora, emerging identities -- pt. 2. Changing times, changing languages -- pt. 3. Transnational communities, cultural mediators -- pt. 4. Transnational families, transcultural living.
=530  \\$aAlso available in print format.
=650  \0$aChinese$zForeign countries$xHistory.
=650  \0$aDiscourse analysis$xSocial aspects$zChina.
=650  \0$aMultilingualism$zChina.
=655  \7$aElectronic books.$2lcsh
=700  1\$aLi, Wei,$d1961 August 11-
=776  08$iPrint version: $z9781138794245$q(Hardback)$w(DLC) 2015021759
=793  0\$aTaylor & Francis online monographs (UCSD)
=830  \0$aRoutledge critical studies in multilingualism ;$v10.
=856 40$zTaylor & Francis. Restricted to UCSD IP addresses.$uhttps://www.taylorfrancis.com/books/9781317638988

