=LDR  02100cam a2200493Ii 4500
=001  TF9780203994887
=003  FlBoTFG
=005  20180331102445.0
=006  m\\\\\o\\d\\\\\\\\
=007  cr\\\\\\\\\\\\
=008  130331s2003\\\\enka\\\\ob\\\\001\0\eng\d
=010  \\$a 2002075104
=020  \\$a9780203994887 (e-book : PDF)
=020  \\$a9780415278720 (hardback)
=020  \\$a9780415278737 (paperback)
=020  \\$a9781134468997 (e-book: Mobi)
=020  \\$a9781134469031 (e-book: ePub)
=020  \\$a9781134469048 (e-book: PDF)
=024  7\$a10.4324/9780203994887 $2doi
=035  \\$a(OCoLC)995561633
=040  \\$aFlBoTFG$cFlBoTFG$erda
=090  \\$aJC596$b.S796 2003
=092  \\$a323.448$bS963
=245  00$aSurveillance as social sorting :$bprivacy, risk, and digital discrimination /$cedited by David Lyon.
=264  \1$aLondon ;$aNew York :$bRoutledge,$c2003.
=300  \\$a1 online resource (xi, 287 pages) :$billustrations, text file, PDF
=336  \\$atext$2rdacontent
=337  \\$acomputer$2rdamedia
=338  \\$aonline resource$2rdacarrier
=504  \\$aIncludes bibliographical references and index.
=505  0\$apt. I. Orientations -- pt. II. Verifying identities : constituting life-chances -- pt. III. Regulating mobilities : places and spaces -- pt. IV. Targeting trouble : social divisions.
=506  \\$aLicense restrictions may limit access.
=506  \\$aSubscription required for access to full text.
=530  \\$aAlso available in print format.
=533  \\$aElectronic reproduction.$b[Boca Raton, Fla. :$bCRC Press,$d2016].$nPDF file created from digital scan of print book.
=650  \0$aClosed-circuit television$xSocial aspects.
=650  \0$aData protection.
=650  \0$aElectronic surveillance.
=650  \0$aPrivacy, Right of.
=650  \0$aSocial control.
=655  \7$aElectronic books.$2lcsh
=700  1\$aLyon, David,$d1948-
=776  08$iPrint version: $z9780415278720$q(Hardback)
=793  0\$aTaylor & Francis online monographs (UCSD)
=856 40$zTaylor & Francis. Restricted to UCSD IP addresses.$uhttps://www.taylorfrancis.com/books/9781134469048

