=LDR  02232cam a2200565Ii 4500
=001  TF9781315668512
=003  FlBoTFG
=005  20180331111825.0
=006  m\\\\\o\\d\\\\\\\\
=007  cr\\\\\\\\\\\\
=008  180331s2016\\\\enkab\\\ob\\\\001\0\eng\d
=020  \\$a9781317361343 (e-book: PDF)$q(e-book : PDF)
=020  \\$z9781317361343$q(e-book: PDF)
=020  \\$z9781317361336$q(e-book: ePub)
=020  \\$z9781317361329$q(e-book: Mobi)
=020  \\$z9781138950917$q(hardback)
=020  \\$z9781138310476$q(paperback)
=020  \\$a9781315668512 (e-book)
=020  \\$a9781317361329 (e-book: Mobi)
=020  \\$a9781317361336 (e-book: ePub)
=020  \\$a9781138950917 (hardback)
=020  \\$a9781138310476 (paperback)
=024  7\$a10.4324/9781315668512 $2doi
=035  \\$a(OCoLC)966701943
=040  \\$aFlBoTFG$cFlBoTFG$erda$beng
=043  \\$aa-ii---$ai------
=050  \4$aVA643$b.I57 2016
=082  04$a359.030954$bI398
=245  00$aIndia's naval strategy and Asian security /$cedited by Anit Mukherjee and C. Raja Mohan.
=264  \1$aLondon :$bRoutledge/Taylor & Francis Group,$c©2016.
=300  \\$a1 online resource (xx, 260 pages) :$billustrations, text file, PDF
=336  \\$atext$2rdacontent
=337  \\$acomputer$2rdamedia
=338  \\$aonline resource$2rdacarrier
=490  1\$aCass series--naval policy and history ;$v56
=504  \\$aIncludes bibliographical references and index.
=505  0\$apt. I. The making of India's naval strategy -- pt. II. The external dimensions of India's naval strategy.
=530  \\$aAlso available in print format.
=610  10$aIndia.$bIndian Navy.
=650  \0$aNational security$zIndian Ocean Region.
=650  \0$aNaval strategy.
=650  \0$aSea-power$zIndia.
=651  \0$aIndia$xMilitary policy.
=651  \0$aIndian Ocean$xStrategic aspects.
=655  \7$aElectronic books.$2lcsh
=700  1\$aMukherjee, Anit,$d1972-
=700  1\$aRaja Mohan, C.
=776  08$iPrint version: $z9781138950917(Hardback)$w 2015023556
=793  0\$aTaylor & Francis online monographs (UCSD)
=830  \0$aCass series--naval policy and history ;$v56.
=856 40$zTaylor & Francis. Restricted to UCSD IP addresses.$uhttps://www.taylorfrancis.com/books/9781317361343

