=LDR  01915cam a2200481Ii 4500
=001  TF9781315678016
=003  FlBoTFG
=005  20180331111825.0
=006  m\\\\\o\\d\\\\\\\\
=007  cr\\\\\\\\\\\\
=008  180331s2016\\\\enka\\\\ob\\\\001\0\eng\d
=020  \\$a9781317389910 (e-book: PDF)$q(e-book : PDF)
=020  \\$z9781317389910$q(e-book: PDF)
=020  \\$z9781317389903$q(e-book: ePub)
=020  \\$z9781317389897$q(e-book: Mobi)
=020  \\$z9780415659925$q(hardback)
=020  \\$z9780415659932$q(paperback)
=020  \\$a9781315678016 (e-book)
=020  \\$a9781317389897 (e-book: Mobi)
=020  \\$a9781317389903 (e-book: ePub)
=020  \\$a9780415659925 (hardback)
=020  \\$a9780415659932 (paperback)
=024  7\$a10.4324/9781315678016 $2doi
=035  \\$a(OCoLC)931152892
=040  \\$aFlBoTFG$cFlBoTFG$erda$beng
=050  \4$aPL908$b.L33 2016
=082  04$a495.7$bL477
=100  1\$aLee, EunHee,$d1967-,$eauthor.
=245  13$aAn introduction to Korean linguistics /$cEunHee Lee, Sean Madigan, and Mee-Jeong Park.
=264  \1$aLondon ;$aNew York :$bRoutledge,$c©2016.
=300  \\$a1 online resource (xxiii, 261 pages) :$billustrations, text file, PDF
=336  \\$atext$2rdacontent
=337  \\$acomputer$2rdamedia
=338  \\$aonline resource$2rdacarrier
=504  \\$aIncludes bibliographical references (p. [248]-257) and index.
=505  0\$ach. 1. Introduction -- ch. 2. Phonetics -- ch. 3. Phonology -- ch. 4. Morphology -- ch. 5. Syntax -- ch. 6. Semantics.
=530  \\$aAlso available in print format.
=650  \0$aKorean language.
=655  \7$aElectronic books.$2lcsh
=700  1\$aMadigan, Sean.
=700  1\$aPark, Mee-Jeong.
=776  08$iPrint version: $z9780415659925(Hardback)$w 2015046268
=793  0\$aTaylor & Francis online monographs (UCSD)
=856 40$zTaylor & Francis. Restricted to UCSD IP addresses.$uhttps://www.taylorfrancis.com/books/9781317389910

