=LDR  01914cam a2200481Ii 4500
=001  TF9781315856872
=003  FlBoTFG
=005  20180331111825.0
=006  m\\\\\o\\d\\\\\\\\
=007  cr\\\\\\\\\\\\
=008  180331s2016\\\\nyuae\\\ob\\\\001\0\eng\d
=020  \\$a9781317932031 (e-book: PDF)$q(e-book : PDF)
=020  \\$z9781317932031$q(e-book: PDF)
=020  \\$z9781317932024$q(e-book: ePub)
=020  \\$z9781317932017$q(e-book: Mobi)
=020  \\$z9780415725279$q(hardback)
=020  \\$a9781315856872 (e-book)
=020  \\$a9781317932017 (e-book: Mobi)
=020  \\$a9781317932024 (e-book: ePub)
=020  \\$a9780415725279 (hardback)
=024  7\$a10.4324/9781315856872 $2doi
=035  \\$a(OCoLC)950459720
=040  \\$aFlBoTFG$cFlBoTFG$erda$beng
=050  \4$aNA2543.S47$bG35 2016
=082  04$a720.47$bG142
=100  1\$aGaines, Kristi.,$eauthor.
=245  10$aDesigning for autism spectrum disorders /$cKristi Gaines .. [et al.].
=264  \1$aNew York ;$aLondon :$bRoutledge,$c©2016.
=300  \\$a1 online resource (xi, 220 pages) :$billustrations, text file, PDF
=336  \\$atext$2rdacontent
=337  \\$acomputer$2rdamedia
=338  \\$aonline resource$2rdacarrier
=500  \\$aTwo columns to the page.
=504  \\$aIncludes bibliographical references and index.
=505  0\$apt. 1. Beginnings -- pt. 2. Designing for the senses -- pt.2 . Designing realistic environments.
=530  \\$aAlso available in print format.
=650  \0$aArchitecture$xPsychological aspects.
=650  \0$aAutism spectrum disorders.
=650  \0$aDesign$xHuman factors.
=650  \0$aSenses and sensation in architecture.
=655  \7$aElectronic books.$2lcsh
=776  08$iPrint version: $z9780415725279$q(Hardback)$w(DLC) 2015046509
=793  0\$aTaylor & Francis online monographs (UCSD)
=856 40$zTaylor & Francis. Restricted to UCSD IP addresses.$uhttps://www.taylorfrancis.com/books/9781317932031

