=LDR  03498cam a2200553Ii 4500
=001  TF9781315688985
=003  FlBoTFG
=005  20180331111825.0
=006  m\\\\\o\\d\\\\\\\\
=007  cr\\\\\\\\\\\\
=008  180331s2017\\\\enk\\\\\ob\\\\001\0\eng\d
=020  \\$a9781317422785 (e-book: PDF)$q(e-book : PDF)
=020  \\$z9781317422785$q(e-book: PDF)
=020  \\$z9781317422778$q(e-book: ePub)
=020  \\$z9781317422761$q(e-book: Mobi)
=020  \\$z9781138917491$q(hardback)
=020  \\$z9781138917484$q(paperback)
=020  \\$a9781315688985 (e-book)
=020  \\$a9781317422761 (e-book: Mobi)
=020  \\$a9781317422778 (e-book: ePub)
=020  \\$a9781138917491 (hardback)
=020  \\$a9781138917484 (paperback)
=024  7\$a10.4324/9781315688985 $2doi
=035  \\$a(OCoLC)958563872
=040  \\$aFlBoTFG$cFlBoTFG$erda$beng
=043  \\$aa-ko---$aa-kn---$aa-kr---
=050  \4$aDS916$b.B89 2017
=082  04$a951.904$bB992
=100  1\$aBuzo, Adrian.,$eauthor.
=245  14$aThe making of Modern Korea /$cAdrian Buzo.
=250  \\$aThird edition.
=264  \1$aLondon ;$aNew York, N.Y. :$bRoutledge/Taylor & Francis Group,$c©2017.
=300  \\$a1 online resource (viii, 291 pages) :$btext file, PDF
=336  \\$atext$2rdacontent
=337  \\$acomputer$2rdamedia
=338  \\$aonline resource$2rdacarrier
=490  1\$aAsia's transformations
=504  \\$aIncludes bibliographical references (p. [287]-288) and index.
=505  0\$a1. The setting -- 2. Lost horizons : Choson 1876-1910 -- 3. Joined to the empire 1910-1931 -- 4. The dark gulf 1931-1945 -- 5. Bitter liberty 1945-48 -- 6. The supreme disaster 1948-1953 -- 7. The mastery of despair 1953-1971 -- 8. Reversal of fortunes 1971-1980 -- 9. Divergent courses 1980-1992 -- 10. Game changers 1992-2007 -- 11. Hallowed by the price : the two Koreas today 2007-2016 -- 12. Concluding remarks -- 13. Major events 1876-2016.
=520  2\$a"This fully updated third edition of The Making of Modern Korea provides a thorough, balanced and engaging history of Korea from 1876 to the present day. The text is unique in analysing domestic developments in the two Koreas in the wider context of regional and international affairs. Key features of the book include: Comprehensive coverage of Korean history; Expanded coverage of social and cultural affairs; A new chapter covering the end of the Choson Dynasty in the context of Japanese imperialist expansionism; Up-to-date analysis of important contemporary developments in both Koreas, including assessments of the Kim Jong Il and Kim Jong Un administrations and the North's nuclear weapons program; Comparative focus on North and South Korea; An examination of Korea within its regional context; A detailed chronology and suggestions for further reading. The Making of Modern Korea is a valuable one-volume resource for students of modern Korean history, international politics and Asian studies"--Provided by publisher.
=530  \\$aAlso available in print format.
=651  \0$aKorea (North)$xHistory.
=651  \0$aKorea (South)$xHistory.
=651  \0$aKorea$xHistory$y20th century.
=651  \0$aKorea$xHistory$yJapanese occupation, 1910-1945.
=655  \7$aElectronic books.$2lcsh
=776  08$iPrint version: $z9781138917491(Hardback)$w 2016018326
=793  0\$aTaylor & Francis online monographs (UCSD)
=830  \0$aAsia's transformations.
=856 40$zTaylor & Francis. Restricted to UCSD IP addresses.$uhttps://www.taylorfrancis.com/books/9781317422785

