=LDR  02386cam a2200505Ii 4500
=001  TF9781317306580
=003  FlBoTFG
=005  20180331102445.0
=006  m\\\\\o\\d\\\\\\\\
=007  cr\\\\\\\\\\\\
=008  130331r20071996enka\\\\o\\\\\001\0\eng\d
=020  \\$a9781317306580$q(e-book: PDF)
=020  \\$z9781315650296$q(e-book)
=020  \\$z9781317306573$q(e-book: ePub)
=020  \\$z9781317306566$q(e-book: Mobi)
=020  \\$z9781138949720$q(paperback)
=020  \\$a9781315650296 (e-book)
=020  \\$a9781317306566 (e-book: Mobi)
=020  \\$a9781317306573 (e-book: ePub)
=020  \\$a9781138949720 (paperback)
=035  \\$a(OCoLC)1000434320
=040  \\$aFlBoTFG$cFlBoTFG$erda$beng
=050  \4$aPK1935$b.B525 2007
=082  04$a491.4382421$bB575
=100  1\$aBhatia, Tej K.,$eauthor.
=245  10$aColloquial Hindi :$bthe complete course for beginners /$cTej K. Bhatia.
=264  \1$aLondon ;$aNew York :$bRoutledge,$c©2008.
=300  \\$a1 online resource (xii, 346 pages) :$billustrations, text file, PDF
=336  \\$atext$2rdacontent
=337  \\$acomputer$2rdamedia
=338  \\$aonline resource$2rdacarrier
=490  1\$aThe colloquial series
=500  \\$a"CDs and MP3s available"--cover.
=500  \\$a"Master the everyday language, up-to-date cultural situations, accessible and thorough"--cover.
=500  \\$aIncludes index.
=500  \\$aPreviously published: 1996.
=505  0\$aScript and handwriting: 1. Script unit 1 ; 2. Script unit 2 ; 3. Script unit 3 ; 4. Script unit 4 ; 5. Script unit 5 -- Units: 1. Greetings and social etiquette ; 2. Where are you from? ; 3. What would you like? ; 4. What are your hobbies? ; 5. What will you do during the break? ; 6. What did you do yesterday? ; 7. Can you speak Hindi? ; 8. I need to get cheques cashed ; 9. What's written in the fortune cookie? ; 10. Indian festivals.
=530  \\$aAlso available in print format.
=650  \0$aHindi language$vConversation and phrase books$xEnglish.
=650  \0$aHindi language$vTextbooks for foreign speakers$xEnglish.
=650  \0$aHindi language$xGrammar.
=655  \7$aElectronic books.$2lcsh
=776  08$iPrint version: $z9781138949720$q(Paperback)
=793  0\$aTaylor & Francis online monographs (UCSD)
=830  \0$aColloquial series.
=856 40$zTaylor & Francis. Restricted to UCSD IP addresses.$uhttps://www.taylorfrancis.com/books/9781317306580

