=LDR  03305cam a2200493Ii 4500
=001  TF9780203060384
=003  FlBoTFG
=005  20180331102445.0
=006  m\\\\\o\\d\\\\\\\\
=007  cr\\\\\\\\\\\\
=008  130331s2004\\\\enkad\\\ob\\\\001\0\eng\d
=020  \\$a9780203060384 (e-book : PDF)
=020  \\$a9780415347044 (paperback)
=020  \\$a9781136003820 (e-book: PDF)
=020  \\$a9781136003905 (e-book: ePub)
=020  \\$a9781136003981 (e-book: Mobi)
=020  \\$a9781138166059 (hardback)
=024  7\$a10.4324/9780203060384 $2doi
=035  \\$a(OCoLC)56938265
=040  \\$aFlBoTFG$cFlBoTFG$erda
=043  \\$aas-----
=090  \\$aHG5740.8.A3$bF87 2004
=092  \\$a332.6730959$bF996
=245  04$aThe future of foreign investment in Southeast Asia /$cedited by Nick J. Freeman and Frank L. Bartels.
=264  \1$aLondon ;$aNew York :$bRoutledgeCurzon,$c2004.
=300  \\$a1 online resource (xii, 288 pages) :$billustrations, text file, PDF
=336  \\$atext$2rdacontent
=337  \\$acomputer$2rdamedia
=338  \\$aonline resource$2rdacarrier
=490  1\$aRoutledgeCurzon international business in Asia series ;$v1
=504  \\$aIncludes bibliographical references (p. [268]-282) and index.
=505  0\$a1. Introduction to foreign direct investment in Southeast Asia / Frank L. Bartels and Nick J. Freeman -- 2. The challenges of the new economy for multinational firms : lessons for Southeast Asia / Peter J. Buckley -- 3. The political economy of foreign direct investment in Southeast Asia : economic security perspectives / Christopher M. Dent -- 4. An examination of the impact of AFTA on Southeast Asian foreign direct investment / Amale Scally and Jayasinghe Wickramanayake -- 5. The future of intra-regional foreign direct investment patterns in Southeast Asia / Frank L. Bartels -- 6. Foreign direct investment and the rise of cross-border production networks in Southeast Asia / Axele Giroud -- 7. The impact of China's WTO accession on Southeast Asian foreign direct investment : trends and prospects / Adam R. Cross and Hui Tan -- 8. The future of cross-border mergers and acquisition activity in Southeast Asia / Frank L. Bartels -- 9. The prospects for foreign direct investment in the transitional economies of Southeast Asia -- 10. The future of foreign portfolio investment in Southeast Asia / Nick J. Freeman -- 11. ASEAN investment cooperation : retrospect, developments and prospects / Kee Hwee Wee and Hafiz Mirza -- 12. Foreign investment and Southeast Asia economic development : issues and challenges / Hal Hill.
=506  \\$aLicense restrictions may limit access.
=506  \\$aSubscription required for access to full text.
=530  \\$aAlso available in print format.
=650  \0$aInvestments, Foreign$xGovernment policy$zSoutheast Asia.
=650  \0$aInvestments, Foreign$zSoutheast Asia.
=651  \0$aSoutheast Asia$xEconomic conditions.
=655  \7$aElectronic books.$2lcsh
=700  1\$aBartels, Frank L.
=700  1\$aFreeman, Nick J.
=776  08$iPrint version: $z9781138166059$q(Hardback)
=793  0\$aTaylor & Francis online monographs (UCSD)
=830  \0$aRoutledgeCurzon international business in Asia series ;$v1.
=856 40$zTaylor & Francis. Restricted to UCSD IP addresses.$uhttps://www.taylorfrancis.com/books/9781136003820

