=LDR  03499cam a2200469Ii 4500
=001  TF9781351717953
=003  FlBoTFG
=005  20180331102445.0
=006  m\\\\\o\\d\\\\\\\\
=007  cr\\\\\\\\\\\\
=008  180331s2018\\\\enkao\\\ob\\\\001\0\eng\d
=020  \\$a9781351717953$q(e-book: PDF)
=020  \\$z9781315179971$q(e-book)
=020  \\$z9781351717939$q(e-book: Mobi)
=020  \\$z9781138894020$q(hardback)
=020  \\$z9781138894037$q(paperback)
=020  \\$a9781315179971 (e-book)
=020  \\$a9781351717939 (e-book: Mobi)
=020  \\$a9781138894020 (hardback)
=020  \\$a9781138894037 (paperback)
=024  7\$a10.4324/9781315179971 $2doi
=035  \\$a(OCoLC)1007496887
=040  \\$aFlBoTFG$beng$erda$cFlBoTFG
=043  \\$asa-----
=050  \4$aHD9161.A432$bN84 2018
=082  04$a338.47678209811$bN968
=100  1\$aNugent, Stephen L.,$eauthor.
=245  14$aThe Rise and Fall of the Amazon Rubber Industry :$bAn Historical Anthropology /$cStephen L. Nugent.
=250  \\$aFirst edition.
=264  \1$aLondon :$bRoutledge,$c©2018.
=300  \\$a1 online resource (xi, 190  pages) :$billustrations, text file, PDF
=336  \\$atext$2rdacontent
=337  \\$acomputer$2rdamedia
=338  \\$aonline resource$2rdacarrier
=504  \\$aIncludes bibliographical references and index.
=505  0\$achapter 1 Requiem for the Amazon rubber boom -- chapter 2 This substance called rubber: Hevea and its relations -- chapter 3 Anthropological rubber in the Amazon -- chapter 4 Postcards from El Dorado: An overview of historical accounts of the rubber industry -- chapter 5 Embedded tropes and the shift of time -- chapter 6 Failure as a stage of modernization: Part 1: narratives of failure -- chapter 7 Failure as a stage of modernization: part 2: modernity redux, the failure of Fordlândia -- chapter 8 After the wild frontier -- chapter 9 The melancholy and the modern -- chapter 10 Rubber in London -- chapter 11 Concluding comments.
=520  \\$a"In this engaging book, Stephen Nugent offers the first in-depth historical anthropology of the most widely recognised feature of the Amazonian region--the dramatic rise and fall of the Amazon rubber industry,Examining rubber in the Amazon from the perspective of a long-term extractive industry that linked remote forest tappers to technical innovations central to the industrial transformation of Europe and North America, the book emphasizes the links between the social landscape of Amazonia and the global economy. It challenges widely held assumptions about the hyper-naturalism of the 'lost world' of the Amazon where 'the challenge of the tropics' is still to be faced and the 'frontiers of development' are still to be settled.   Through a critical examination focused around the rubber industry, Nugent addresses myths that continue to influence perceptions of Amazonia. This book should be required reading for all those interested in the Amazon, and will be relevant to scholars of anthropology, political ecology, geography, history of Latin America, the industrial revolution, and development studies."--Provided by publisher.
=530  \\$aAlso available in print format.
=650  \0$aRubber industry and trade$zAmazon River Valley$xHistory.
=655  \7$aElectronic books.$2lcsh
=776  08$iPrint version: $z9781138894020$q(Hardback)
=793  0\$aTaylor & Francis online monographs (UCSD)
=856 40$zTaylor & Francis. Restricted to UCSD IP addresses.$uhttps://www.taylorfrancis.com/books/9781351717953

