=LDR  01961cam a2200505Ii 4500
=001  TF9781315838175
=003  FlBoTFG
=005  20180331111825.0
=006  m\\\\\o\\d\\\\\\\\
=007  cr\\\\\\\\\\\\
=008  180331r20132001enkab\\\ob\\\\001\0\eng\d
=020  \\$a9781317876083 (e-book: PDF)$q(e-book : PDF)
=020  \\$z9781317876083$q(e-book: PDF)
=020  \\$z9781317876076$q(e-book: ePub)
=020  \\$z9781317876069$q(e-book: Mobi)
=020  \\$z9781138133457$q(hardback)
=020  \\$z9780582418363$q(paperback)
=020  \\$a9781315838175 (e-book)
=020  \\$a9781317876069 (e-book: Mobi)
=020  \\$a9781317876076 (e-book: ePub)
=020  \\$a9781138133457 (hardback)
=020  \\$a9780582418363 (paperback)
=024  7\$a10.4324/9781315838175 $2doi
=035  \\$a(OCoLC)897462918
=040  \\$aFlBoTFG$cFlBoTFG$erda$beng
=043  \\$ae-gx---
=050  \4$aHQ1623$b.S74 2013
=082  04$a305.420943$bS836
=100  1\$aStephenson, Jill.,$eauthor.
=245  10$aWomen in Nazi Germany /$cJill Stephenson.
=264  \1$aOxon [England] :$bRoutledge,$c©2013.
=300  \\$a1 online resource (xvii, 212 pages) :$billustrations, text file, PDF
=336  \\$atext$2rdacontent
=337  \\$acomputer$2rdamedia
=338  \\$aonline resource$2rdacarrier
=500  \\$aFirst published 2001 by Pearson Education.
=504  \\$aIncludes bibliographical references and index.
=505  0\$apt. 1. Introduction -- pt. 2. Women in the racial state -- pt. 3. Assessment -- pt. 4. Documents.
=530  \\$aAlso available in print format.
=650  \0$aWomen$zGermany$xHistory.
=650  \0$aWomen$zGermany$xSocial conditions.
=651  \0$aGermany$xPolitics and government$y1933-1945.
=655  \7$aElectronic books.$2lcsh
=776  08$iPrint version: $z9781138133457$q(Hardback)
=793  0\$aTaylor & Francis online monographs (UCSD)
=856 40$zTaylor & Francis. Restricted to UCSD IP addresses.$uhttps://www.taylorfrancis.com/books/9781317876083

