=LDR  03430cam a2200541Ii 4500
=001  TF9781315657318
=003  FlBoTFG
=005  20180331111825.0
=006  m\\\\\o\\d\\\\\\\\
=007  cr\\\\\\\\\\\\
=008  180331s2016\\\\nyua\\\\ob\\\\001\0\eng\d
=020  \\$a9781317327684 (e-book: PDF)$q(e-book : PDF)
=020  \\$z9781317327684$q(e-book: PDF)
=020  \\$z9781317327677$q(e-book: ePub)
=020  \\$z9781317327660$q(e-book: Mobi)
=020  \\$z9781138100947$q(hardback)
=020  \\$a9781315657318 (e-book)
=020  \\$a9781317327660 (e-book: Mobi)
=020  \\$a9781317327677 (e-book: ePub)
=020  \\$a9781138100947 (hardback)
=024  7\$a10.4324/9781315657318 $2doi
=035  \\$a(OCoLC)951101486
=040  \\$aFlBoTFG$cFlBoTFG$erda$beng
=050  \4$aPN56.L26$bL34 2016
=082  04$a809.9336$bL263
=245  00$aLandscape, seascape, and the eco-spatial imagination /$cedited by Simon C. Estok, I-Chun Wang, and Jonathan White.
=264  \1$aNew York ;$aLondon :$bRoutledge,$c©2016.
=300  \\$a1 online resource (viii, 241 pages) :$billustrations, text file, PDF
=336  \\$atext$2rdacontent
=337  \\$acomputer$2rdamedia
=338  \\$aonline resource$2rdacarrier
=490  1\$aRoutledge interdisciplinary perspectives on literature ;$v67
=504  \\$aIncludes bibliographical references and index.
=505  0\$a1. Introduction / Jonathan White -- 2. The geography of otherness : the art of moving and the space of time / Jonathan Locke Hart -- 3. The world as a garden landscapes and spatial imagination in Ancient Egypt / Chloe C.D. Ragazzoli -- 4. One island, two founding myths : when Albion turns into Britain / Sophia Yashih Liu -- 5. Imperial landscape of the Mughal Empire in early seventeenth-century geographical and travel writings / I-Chun Wang -- 6. The sublime as the beautiful : spatial displacements in Edward Lear's landscapes and limericks / Mou-Lan Wong -- 7. Some like it hot : Sato Haruo's Travels in the colony / Ping-hui Liao -- 8. The work of mourning : W.G. Sebald's The rings of Saturn / Yu-cheng Lee -- 9. The geography of postmodern meta-utopian spaces : "last call for a revolution?" / Mary E. Theis -- 10. The hermitage as a converging space between nature and civilization / Chung Ling -- 11. The changing ethnic landscape of Norwegian theatre / Baron Kelly -- 12. Re-visioning pacific seascapes : performing insular identities in Robert Sullivan's Star waka and Syaman Rapongan's Eyes of the sky / Hsinya Huang -- 13. Place, landscape and self in Gao Xingjian's Soul Mountain / Krishna Barua and Anurag Bhattacharyya  --14.  Afterword, tripping on the edge of everything : landscape and ecocriticism / Simon C. Estok.
=530  \\$aAlso available in print format.
=650  \0$aEcocriticism.
=650  \0$aEcology in literature.
=650  \0$aGeographical perception in literature.
=650  \0$aLandscapes in literature.
=650  \0$aNature in literature.
=650  \0$aSpace and time in literature.
=655  \7$aElectronic books.$2lcsh
=700  1\$aEstok, Simon C.
=700  1\$aWang, I-Chun.
=700  1\$aWhite, Jonathan,$d1945-
=776  08$iPrint version: $z9781138100947(Hardback)$w 2016013414
=793  0\$aTaylor & Francis online monographs (UCSD)
=830  \0$aRoutledge interdisciplinary perspectives on literature ;$v67.
=856 40$zTaylor & Francis. Restricted to UCSD IP addresses.$uhttps://www.taylorfrancis.com/books/9781317327684

