=LDR  02134cam a2200517Ii 4500
=001  TF9781315612881
=003  FlBoTFG
=005  20180331102445.0
=006  m\\\\\o\\d\\\\\\\\
=007  cr\\\\\\\\\\\\
=008  180331s2017\\\\enka\\\\ob\\\\001\0\eng\d
=020  \\$a9781317043690 (e-book: PDF)$q(e-book : PDF)
=020  \\$z9781317043690$q(e-book: PDF)
=020  \\$z9781317043683$q(e-book: ePub)
=020  \\$z9781317043676$q(e-book: Mobi)
=020  \\$z9781472438652$q(hardback)
=020  \\$a9781315612881 (e-book)
=020  \\$a9781317043676 (e-book: Mobi)
=020  \\$a9781317043683 (e-book: ePub)
=020  \\$a9781472438652 (hardback)
=024  7\$a10.4324/9781315612881 $2doi
=035  \\$a(OCoLC)954534815
=040  \\$aFlBoTFG$cFlBoTFG$erda$beng
=050  \4$aK637$b.R68 2017
=082  04$a342.087$bR869
=245  00$aRoutledge handbook of disability law and human rights /$cedited by Peter Blanck and Eilionoir Flynn.
=246  30$aDisability law and human rights
=264  \1$aLondon ;$aNew York :$bRoutledge,$c©2017.
=300  \\$a1 online resource :$billustrations, text file, PDF
=336  \\$atext$2rdacontent
=337  \\$acomputer$2rdamedia
=338  \\$aonline resource$2rdacarrier
=490  1\$aRoutledge handbooks
=504  \\$aIncludes bibliographical references and index.
=505  0\$apt. 1. Theoretical underpinnings of disability law -- pt. 2. Ongoing debates in disability law -- pt. 3. Emerging fields in disability law.
=530  \\$aAlso available in print format.
=538  \\$aMode of access: World Wide Web.
=650  \0$aDiscrimination against people with disabilities$xLaw and legislation.
=650  \0$aPeople with disabilities$xCivil rights.
=650  \0$aPeople with disabilities$xLegal status, laws, etc.
=655  \7$aElectronic books.$2lcsh
=700  1\$aBlanck, Peter David,$d1957-
=700  1\$aFlynn, Eilionoir.
=776  08$iPrint version: $z9781472438652$q(Hardback)
=793  0\$aTaylor & Francis online monographs (UCSD)
=830  \0$aRoutledge handbooks.
=856 40$zTaylor & Francis. Restricted to UCSD IP addresses.$uhttps://www.taylorfrancis.com/books/9781317043690

