=LDR  03010cam a2200493Ii 4500
=001  TF9781317190295
=003  FlBoTFG
=005  20180331102445.0
=006  m\\\\\o\\d\\\\\\\\
=007  cr\\\\\\\\\\\\
=008  180331s2018\\\\enka\\\\ob\\\\001\0\eng\d
=020  \\$a9781317190295$q(e-book: PDF)
=020  \\$z9781315564029$q(e-book)
=020  \\$z9781317190271$q(e-book: Mobi)
=020  \\$z9781138680630$q(hardback)
=020  \\$z9781138680647$q(paperback)
=020  \\$a9781315564029 (e-book)
=020  \\$a9781317190271 (e-book: Mobi)
=020  \\$a9781138680630 (hardback)
=020  \\$a9781138680647 (paperback)
=024  7\$a10.4324/9781315564029 $2doi
=035  \\$a(OCoLC)1002199029
=040  \\$aDLC$beng$dFlBoTFG$erda$cDLC
=050  \4$aLB1060$b.P76 2018
=082  04$a370.1523$bP965
=245  00$aPromoting spontaneous use of learning and reasoning strategies :$btheory, research, and practice for effective transfer /$cedited by Emmanuel Manalo, Yuri Uesaka and Clark Chinn.
=264  \1$aAbingdon, Oxon ;$aNew York, NY :$bRoutledge is an imprint of the Taylor & Francis Group, an Informa Business,$c©[2018]
=300  \\$a1 online resource (xvi, 220  pages) :$billustrations, text file, PDF
=336  \\$atext$2rdacontent
=337  \\$acomputer$2rdamedia
=338  \\$aonline resource$2rdacarrier
=490  0\$aRoutledge research in achievement and gifted education
=504  \\$aIncludes bibliographical references and index.
=520  \\$a"In this book, scholars from around the world develop viable answers to the question of how it may be possible to promote students' spontaneity in the use of learning and reasoning strategies. They combine their expertise to put forward new theories and models for understanding the underlying mechanisms; provide details of new research to address pertinent questions and problems; and describe classroom practices that have proven successful in promoting spontaneous strategy use. This book is a must for educators and researchers who truly care that schooling should cultivate learning and reasoning strategies in students that would prepare and serve them for life.A seminal resource, this book will address the basic problem that many educators are well acquainted with: that students can learn how to effectively use learning and reasoning strategies but not use them of their own volition or in settings other than the one in which they learned the strategies. "--Provided by publisher.
=530  \\$aAlso available in print format.
=650  \0$aEducation.
=650  \0$aLearning, Psychology of.
=650  \0$aSpontaneity (Personality trait)
=655  \7$aElectronic books.$2lcsh
=700  1\$aChinn, Clark,$eeditor...
=700  1\$aManalo, Emmanuel,$eeditor...
=700  1\$aUesaka, Yuri,$eeditor...
=776  08$iPrint version: $z9781138680630(Hardback)$w 2017020749
=793  0\$aTaylor & Francis online monographs (UCSD)
=856 40$zTaylor & Francis. Restricted to UCSD IP addresses.$uhttps://www.taylorfrancis.com/books/9781317190295

