=LDR  02223cam a2200517Ii 4500
=001  TF9781315627663
=003  FlBoTFG
=005  20180331102445.0
=006  m\\\\\o\\d\\\\\\\\
=007  cr\\\\\\\\\\\\
=008  180331s2016\\\\enk\\\\\ob\\\\001\0\eng\d
=020  \\$a9781317238713 (e-book: PDF)$q(e-book : PDF)
=020  \\$z9781317238713$q(e-book: PDF)
=020  \\$z9781317238706$q(e-book: ePub)
=020  \\$z9781317238690$q(e-book: Mobi)
=020  \\$z9781138646230$q(hardback)
=020  \\$z9780815364542$q(paperback)
=020  \\$a9781315627663 (e-book)
=020  \\$a9781317238690 (e-book: Mobi)
=020  \\$a9781317238706 (e-book: ePub)
=020  \\$a9781138646230 (hardback)
=020  \\$a9780815364542 (paperback)
=024  7\$a10.4324/9781315627663 $2doi
=035  \\$a(OCoLC)951624033
=040  \\$aFlBoTFG$cFlBoTFG$erda$beng
=050  \4$aQC903$b.D45 2016
=082  04$a363.738746$bD353
=100  1\$aDelina, Laurence L.,$eauthor.
=245  10$aStrategies for rapid climate mitigation :$bwartime mobilisation as a model for action? /$cLaurence L. Delina.
=264  \1$aLondon :$bRoutledge,$c©2016.
=300  \\$a1 online resource :$btext file, PDF
=336  \\$atext$2rdacontent
=337  \\$acomputer$2rdamedia
=338  \\$aonline resource$2rdacarrier
=490  1\$aRoutledge advances in climate change research
=504  \\$aIncludes bibliographical references and index.
=505  0\$a1. The age of climate consequences -- 2. A rapid mitigation project -- 3. Scale, speed, scope -- 4. Mobilising funding -- 5. Mobilising labour -- 6. Legislations, control, oversight -- 7. Dilemmas, implications.
=530  \\$aAlso available in print format.
=538  \\$aMode of access: World Wide Web.
=650  \0$aClimate change mitigation$xInternational cooperation.
=650  \0$aClimate change mitigation$xSocial aspects.
=650  \0$aClimate change mitigation.
=655  \7$aElectronic books.$2lcsh
=776  08$iPrint version: $z9781138646230(Hardback)$w 2015048759
=793  0\$aTaylor & Francis online monographs (UCSD)
=830  \0$aRoutledge advances in climate change research.
=856 40$zTaylor & Francis. Restricted to UCSD IP addresses.$uhttps://www.taylorfrancis.com/books/9781317238713

