=LDR  03074cam a2200541Ii 4500
=001  TF9781315647272
=003  FlBoTFG
=005  20180331111825.0
=006  m\\\\\o\\d\\\\\\\\
=007  cr\\\\\\\\\\\\
=008  180331m20169999nyu\\\\\ob\\\\011\0\eng\d
=020  \\$a9781317297529 (e-book: PDF)$q(e-book : PDF)
=020  \\$z9781317297529$q(e-book: PDF)
=020  \\$z9781317297512$q(e-book: ePub)
=020  \\$z9781317297505$q(e-book: Mobi)
=020  \\$z9781138125766$q(hardback)
=020  \\$z9781138600263$q(paperback)
=020  \\$a9781315647272 (e-book)
=020  \\$a9781317297505 (e-book: Mobi)
=020  \\$a9781317297512 (e-book: ePub)
=020  \\$a9781138125766 (hardback)
=020  \\$a9781138600263 (paperback)
=024  7\$a10.4324/9781315647272 $2doi
=035  \\$a(OCoLC)950638949
=040  \\$aFlBoTFG$cFlBoTFG$erda$beng
=050  \4$aBF39$b.M38 2016
=082  04$a153.0151$bM426
=245  00$aMathematical models of perception and cognition /$cedited by Joseph W. Houpt and Leslie M. Blaha.
=250  \\$aFirst edition.
=264  \1$aNew York :$bRoutledge,$c©2016-
=300  \\$a1 online resource :$btext file, PDF
=336  \\$atext$2rdacontent
=337  \\$acomputer$2rdamedia
=338  \\$aonline resource$2rdacarrier
=490  0\$aScientific psychology ;$v24
=500  \\$a"A Festchrift for James T. Townsend"--cover.
=504  \\$aIncludes bibliographical references and index.
=505  0\$a1. Introduction / Leslie M. Blaha and Joseph W. Houpt -- 2. High-probability logic and inheritance / Donald Bamber, I.R. Goodman, and Hung T. Nguyen -- 3. Stochastic orders of variability / Hans Colonius -- 4. Subset system : mathematical abstraction of object and context / Jun Zhang and Yitong Sun -- 5. Uniqueness of a multinomial processing tree constructed by knowing which pairs of processes are ordered / Richard Schweickert and Hye Joo Han -- 6. Simple factorial tweezers for detecting delicate serial and parallel processes / Mario Fific -- 7. Identifying spatiotemporal information / Joseph S. Lappin -- 8. Models of intertemporal choice / Junyi Dai and Jerome R. Busemeyer -- 9. Variations on the theme of independence : tasks and effects of stroop, Garner, and Townsend / Daniel Algom -- 10. Modeling interactive dimensions in a component comparison task using general recognition theory / Robin D. Thomas, Noah H. Silbert, Emily Grossman, and Shawn Ell -- 11. Symmetry provides a Turing-type test for 3d vision / Zygmunt Pizlo -- 12. Cognitive psychometrics / William H. Batchelder.
=530  \\$aAlso available in print format.
=600  10$aTownsend, James T.
=650  \0$aCognitive psychology.
=650  \0$aPsychology$xMathematical models.
=655  \7$aElectronic books.$2lcsh
=700  1\$aBlaha, Leslie M.
=700  1\$aHoupt, Joseph W.
=700  1\$aTownsend, James T.,$ehonouree.
=776  08$iPrint version: $z9781138125766(Hardback)$w 2015049077
=793  0\$aTaylor & Francis online monographs (UCSD)
=856 40$zTaylor & Francis. Restricted to UCSD IP addresses.$uhttps://www.taylorfrancis.com/books/9781317297529

