=LDR  03536cam a2200553Ii 4500
=001  TF9781315731711
=003  FlBoTFG
=005  20180331111825.0
=006  m\\\\\o\\d\\\\\\\\
=007  cr\\\\\\\\\\\\
=008  180331s2016\\\\nyua\\\\ob\\\\001\0\eng\d
=020  \\$a9781317552819 (e-book: PDF)$q(e-book : PDF)
=020  \\$z9781317552819$q(e-book: PDF)
=020  \\$z9781317552802$q(e-book: ePub)
=020  \\$z9781317552796$q(e-book: Mobi)
=020  \\$z9781138786318$q(hardback)
=020  \\$z9781138786325$q(paperback)
=020  \\$a9781315731711 (e-book)
=020  \\$a9781317552796 (e-book: Mobi)
=020  \\$a9781317552802 (e-book: ePub)
=020  \\$a9781138786318 (hardback)
=020  \\$a9781138786325 (paperback)
=024  7\$a10.4324/9781315731711 $2doi
=035  \\$a(OCoLC)942842473
=040  \\$aFlBoTFG$cFlBoTFG$erda$beng
=043  \\$acl-----$an-us---
=050  \4$aF1418$b.C8133 2016
=082  04$a327.80730905$bC761
=245  00$aContemporary U.S.-Latin American relations :$bcooperation or conflict in the 21st century? /$cedited by Jorge I. Dominguez and Rafael Fernandez de Castro.
=246  3\$aContemporary United States-Latin American relations : cooperation or conflict in the twenty-first century
=250  \\$aSecond edition.
=264  \1$aNew York ;$aLondon :$bRoutledge,$c©2016.
=300  \\$a1 online resource (xviii, 309 pages) :$billustrations, text file, PDF
=336  \\$atext$2rdacontent
=337  \\$acomputer$2rdamedia
=338  \\$aonline resource$2rdacarrier
=490  0\$aContemporary inter-American relations
=504  \\$aIncludes bibliographical references and index.
=505  0\$a1. The changes in the international system since 2000 / Jorge I. Dominguez -- 2. U.S.-Mexican relations : coping with domestic and international crises / Jorge I. Dominguez and Rafael Fernandez de Castro -- 3. The United States and Cuba : intimate neighbors? / Marifeli Perez-Stable -- 4. U.S.-Argentine relations : the years of Cristina and Obama / Roberto GuillermoRussell -- 5. The unsettled nature of U.S.-Brazilian relations / Monica Hirst and Lia Baker Valls Pereira -- 6. Chile and the United States : a cooperative friendship / Claudia Fuentes Julio and Francisco Rojas Aravena -- 7. Colombia and the United States : the path to strategic partnership / Cynthia J. Arnson and Arlene B. Tickner -- 8. U.S.-Peruvian relations : cooperation within the international system of the twenty-first century / Cynthia McClintock -- 9. U.s.-Venezuelan relations after Hugo Chavez : why normalization has been impossible / Javier Corrales and Carlos A. Romero -- 10. Latino diasporas, Obama's executive action strategy, and U.S.-Latin American relations / David R. Ayon -- 11. Breaking the vicious cycle : criminal violence in U.S.-Latin American relations / Gema Santamaria -- 12. U.S. immigration policy : politicization and impasse / Allert Brown-Gort.
=530  \\$aAlso available in print format.
=651  \0$aLatin America$xForeign relations$zUnited States.
=651  \0$aLatin America$xPolitics and government.
=651  \0$aUnited States$xForeign relations$zLatin America.
=651  \0$aUnited States$xPolitics and government.
=655  \7$aElectronic books.$2lcsh
=700  1\$aDomingue, Jorge I.
=700  1\$aFernandez de Castro, Rafael.
=776  08$iPrint version: $z9781138786318$q(Hardback)$w(DLC) 2015040243
=793  0\$aTaylor & Francis online monographs (UCSD)
=856 40$zTaylor & Francis. Restricted to UCSD IP addresses.$uhttps://www.taylorfrancis.com/books/9781317552819

