=LDR  02088cam a2200541Ii 4500
=001  TF9781315673349
=003  FlBoTFG
=005  20180331111825.0
=006  m\\\\\o\\d\\\\\\\\
=007  cr\\\\\\\\\\\\
=008  180331s2016\\\\enk\\\\\ob\\\\001\0\eng\d
=020  \\$a9781317375883 (e-book: PDF)$q(e-book : PDF)
=020  \\$z9781317375883$q(e-book: PDF)
=020  \\$z9781317375876$q(e-book: ePub)
=020  \\$z9781317375869$q(e-book: Mobi)
=020  \\$z9781138942103$q(hardback)
=020  \\$z9780815377535$q(paperback)
=020  \\$a9781315673349 (e-book)
=020  \\$a9781317375869 (e-book: Mobi)
=020  \\$a9781317375876 (e-book: ePub)
=020  \\$a9781138942103 (hardback)
=020  \\$a9780815377535 (paperback)
=024  7\$a10.4324/9781315673349 $2doi
=035  \\$a(OCoLC)923734661
=040  \\$aFlBoTFG$cFlBoTFG$erda$beng
=050  \4$aHV6545$b.M45 2016
=082  04$a303.601$bM623
=100  1\$aMichelsen, Nicholas.,$eauthor.
=245  10$aPolitics and suicide :$bthe philosophy of political self-destruction /$cNicholas Michelsen.
=264  \1$aLondon ;$aNew York :$bRoutledge,$c©2016.
=300  \\$a1 online resource (xiv, 192 pages) :$btext file, PDF
=336  \\$atext$2rdacontent
=337  \\$acomputer$2rdamedia
=338  \\$aonline resource$2rdacarrier
=490  1\$aInterventions (Routledge (Firm))
=504  \\$aIncludes bibliographical references and index.
=505  0\$a1. Kamikaze -- 2. Self-burning -- 3. Hunger striking -- 4. Terror -- 5. Cult and revolution.
=530  \\$aAlso available in print format.
=650  \0$aHunger strikes.
=650  \0$aMass suicide.
=650  \0$aPolitical violence$xPhilosophy.
=650  \0$aSelf-immolation.
=650  \0$aSuicide bombings.
=650  \0$aSuicide$xPolitical aspects.
=655  \7$aElectronic books.$2lcsh
=776  08$iPrint version: $z9781138942103(Hardback)$w 2015018919
=793  0\$aTaylor & Francis online monographs (UCSD)
=830  \0$aInterventions (Routledge (Firm))
=856 40$zTaylor & Francis. Restricted to UCSD IP addresses.$uhttps://www.taylorfrancis.com/books/9781317375883

