=LDR  01965cam a2200517Ii 4500
=001  TF9781315778686
=003  FlBoTFG
=005  20180331111825.0
=006  m\\\\\o\\d\\\\\\\\
=007  cr\\\\\\\\\\\\
=008  180331s2016\\\\enk\\\\\ob\\\\001\0\eng\d
=020  \\$a9781317697213 (e-book: PDF)$q(e-book : PDF)
=020  \\$z9781317697213$q(e-book: PDF)
=020  \\$z9781317697206$q(e-book: ePub)
=020  \\$z9781317697190$q(e-book: Mobi)
=020  \\$z9781138019744$q(hardback)
=020  \\$z9780815355557$q(paperback)
=020  \\$a9781315778686 (e-book)
=020  \\$a9781317697190 (e-book: Mobi)
=020  \\$a9781317697206 (e-book: ePub)
=020  \\$a9781138019744 (hardback)
=020  \\$a9780815355557 (paperback)
=024  7\$a10.4324/9781315778686 $2doi
=035  \\$a(OCoLC)930090981
=040  \\$aFlBoTFG$cFlBoTFG$erda$beng
=050  \4$aHQ1194$b.C66 2016
=082  04$a304.2082$bC761
=245  00$aContemporary perspectives on ecofeminism /$cedited by Mary Phillips and Nick Rumens.
=264  \1$aLondon ;$aNew York :$bRoutledge,$c©2016.
=300  \\$a1 online resource (xvi, 233 pages) :$btext file, PDF
=336  \\$atext$2rdacontent
=337  \\$acomputer$2rdamedia
=338  \\$aonline resource$2rdacarrier
=490  1\$aRoutledge explorations in environmental studies
=504  \\$aIncludes bibliographical references and index.
=505  0\$apt. 1. Theory -- pt. 2. Practice.
=530  \\$aAlso available in print format.
=650  \0$aEcofeminism.
=650  \0$aHuman ecology.
=650  \0$aWomen and the environment.
=655  \7$aElectronic books.$2lcsh
=700  1\$aPhillips, Mary,$d1955-
=700  1\$aRumens, Nick.
=776  08$iPrint version: $z9781138019744$q(Hardback)$w(DLC) 2015021326
=793  0\$aTaylor & Francis online monographs (UCSD)
=830  \0$aRoutledge explorations in environmental studies.
=856 40$zTaylor & Francis. Restricted to UCSD IP addresses.$uhttps://www.taylorfrancis.com/books/9781317697213

