=LDR  02472cam a2200517Ii 4500
=001  TF9781315672212
=003  FlBoTFG
=005  20180331111825.0
=006  m\\\\\o\\d\\\\\\\\
=007  cr\\\\\\\\\\\\
=008  180331r20161980enk\\\\\ob\\\\001\0\eng\d
=020  \\$a9781317372493 (e-book: PDF)$q(e-book : PDF)
=020  \\$z9781317372493$q(e-book: PDF)
=020  \\$z9781317372486$q(e-book: ePub)
=020  \\$z9781317372479$q(e-book: Mobi)
=020  \\$z9781138943827$q(hardback)
=020  \\$z9781138943834$q(paperback)
=020  \\$a9781315672212 (e-book)
=020  \\$a9781317372479 (e-book: Mobi)
=020  \\$a9781317372486 (e-book: ePub)
=020  \\$a9781138943827 (hardback)
=020  \\$a9781138943834 (paperback)
=024  7\$a10.4324/9781315672212 $2doi
=035  \\$a(OCoLC)915343798
=040  \\$aFlBoTFG$cFlBoTFG$erda$beng
=043  \\$aew-----
=050  \4$aHX238.5$b.C43 2016
=082  04$a335.43094$bC456
=245  04$aThe changing face of western communism /$cedited by David Childs.
=264  \1$aAbingdon, Oxon ;$aNew York :$bRoutledge,$c©2016.
=300  \\$a1 online resource (286 pages) :$btext file, PDF
=336  \\$atext$2rdacontent
=337  \\$acomputer$2rdamedia
=338  \\$aonline resource$2rdacarrier
=490  1\$aRoutledge revivals
=500  \\$aFirst published in 1980 by Croom Helm.
=504  \\$aIncludes bibliographical references and index.
=505  0\$a1. The changing face of western communism / David Childs -- 2. Eurocommunism : their word or ours? / Philip Elliott and Philip Schlesinger -- 3. The PCE in Spanish politics / Eusebio Mujal-Leon -- 4. The Italian communist party : between Leninism and social democracy? / Martin Clark and David Hine 5. The French communist party and Eurocommunism / Peter Morris -- 6. The Finnish communist party : two parties in one / Seija Spring and D.W. Spring -- 7. Communism in the Nordic countries : Denmark, Norway, Sweden and Iceland / Trond Gilberg -- 8. Austria : from orthodoxy to 'normalisation' / Karl Stadler.
=530  \\$aAlso available in print format.
=650  \0$aCommunism$zEurope.
=650  \0$aCommunist parties$zEurope.
=655  \7$aElectronic books.$2lcsh
=700  1\$aChilds, David,$d1933-
=776  08$iPrint version: $z9781138943827$q(Hardback)
=793  0\$aTaylor & Francis online monographs (UCSD)
=830  \0$aRoutledge revivals.
=856 40$zTaylor & Francis. Restricted to UCSD IP addresses.$uhttps://www.taylorfrancis.com/books/9781317372493

