=LDR  03807cam a2200469Ii 4500
=001  TF9781315680514
=003  FlBoTFG
=005  20180331111825.0
=006  m\\\\\o\\d\\\\\\\\
=007  cr\\\\\\\\\\\\
=008  180331s2016\\\\nyua\\\\ob\\\\001\0\eng\d
=020  \\$a9781317397410 (e-book: PDF)$q(e-book : PDF)
=020  \\$z9781317397410$q(e-book: PDF)
=020  \\$z9781317397403$q(e-book: ePub)
=020  \\$z9781317397397$q(e-book: Mobi)
=020  \\$z9781138930407$q(hardback)
=020  \\$a9781315680514 (e-book)
=020  \\$a9781317397397 (e-book: Mobi)
=020  \\$a9781317397403 (e-book: ePub)
=020  \\$a9781138930407 (hardback)
=024  7\$a10.4324/9781315680514 $2doi
=035  \\$a(OCoLC)949884532
=035  \\$a(OCoLC)950055253
=040  \\$aFlBoTFG$cFlBoTFG$erda$beng
=050  \4$aHB75$b.E26 2016
=082  04$a330.1$bE194
=245  00$aEconomic growth and the origins of modern political economy :$beconomic reasons of state, 1500 - 2000 /$cedited by Philipp R. Rossner.
=264  \1$aNew York :$bRoutledge,$c©2016.
=300  \\$a1 online resource (xii, 317 pages) :$billustrations, text file, PDF
=336  \\$atext$2rdacontent
=337  \\$acomputer$2rdamedia
=338  \\$aonline resource$2rdacarrier
=504  \\$aIncludes bibliographical references and index.
=505  0\$apt. I. Manufacturing matters : the history of an old idea -- 1. New inroads into well-known territory : on the virtues of re-discovering pre-classical political economy / Philipp Robinson Rossner -- 2. German language economic bestsellers before 1850 : also introducing Giovanni Botero as a common reference point of cameralism and mercantilism / Erik S. Reinert (with Ken Carpenter) -- pt. 2. Economic ideas and idiosyncrasy : the example of cameralism -- 3. Was cameralism really the German version of mercantilism? / Lars Magnusson -- 4. Mercantilism and cameralism : two very different variations on the same theme / Jurgen Backhaus -- 5. Goethe's economics : between cameralism and liberalism / Bertram Schefold -- pt. III. Vested interests, contingency and the shaping of the free trade doctrine -- 6. From privilege to economic law : vested interests and the origins of free trade theory in France (1687-1701) / Moritz Isenmann -- 7. The demise of regulation and rise of political economy : taxation, industry and fiscal pressure in Britain 1763-1815 / William J. Ashworth -- pt. IV. Knowledge, risk and the idea of infinite growth -- 8. Development as possibility : risk and chance in the cameralist discourse / Marcus Sandl -- 9. The political economy of Sweden's age of greatness : Johan risingh and the Hartlib circle / Carl Wennerlind -- pt. V. Economic growth and the state : from India to Italy -- 10. State formation and economic growth in South Asia, 1600-1800 / Prasannan Parthasarathi -- 11. Economic reasons of state in Qing China : a brief comparative overview / Peer Vries -- 12. Infant industry protectionism and early modern growth? : evidence from eighteenth-century entrepreneurial petitions in the Austrian Netherlands / Ann Coenen -- 13. Achtung! Banditi! An alternative genealogy of the market / Sophus Reinert -- pt. VI. Economic reason of state and its survival in modern economic discourse -- 14. The long shadow of cameralism : the Atlantic order and its discontents / Francesco Boldizzoni.
=530  \\$aAlso available in print format.
=650  \0$aEconomic development$xHistory.
=650  \0$aEconomics$xHistory.
=650  \0$aState, The$xHistory.
=655  \7$aElectronic books.$2lcsh
=700  1\$aRossner, Philipp Robinson.
=776  08$iPrint version: $z9781138930407(Hardback)$w 2015045830
=793  0\$aTaylor & Francis online monographs (UCSD)
=856 40$zTaylor & Francis. Restricted to UCSD IP addresses.$uhttps://www.taylorfrancis.com/books/9781317397410

