=LDR  01984cam a2200493Ii 4500
=001  TF9781315800332
=003  FlBoTFG
=005  20180331102139.0
=006  m\\\\\o\\d\\\\\\\\
=007  cr\\\\\\\\\\\\
=008  180331r20011980enka\\\\ob\\\\001\0\eng\d
=020  \\$a9781317762232 (e-book: PDF)$q(e-book : PDF)
=020  \\$z9781317762232$q(e-book: PDF)
=020  \\$z9781317762225$q(e-book: ePub)
=020  \\$z9781317762218$q(e-book: Mobi)
=020  \\$z9781138177574$q(hardback)
=020  \\$z9780415026352$q(paperback)
=020  \\$a9781315800332 (e-book)
=020  \\$a9781317762218 (e-book: Mobi)
=020  \\$a9781317762225 (e-book: ePub)
=020  \\$a9781138177574 (hardback)
=020  \\$a9780415026352 (paperback)
=024  7\$a10.4324/9781315800332 $2doi
=035  \\$a(OCoLC)897458110
=040  \\$aFlBoTFG$cFlBoTFG$erda$beng
=050  \4$aGN799.B62$bJ64 2001
=082  04$a387.21$bJ738
=100  1\$aJohnstone, Paul.,$eauthor.
=245  14$aThe sea-craft of prehistory /$cPaul Johnstone ; prepared for publication with a new foreword by Sean McGrail.
=250  \\$aSecond edition.
=264  \1$aLondon ;$aNew York :$bRoutledge,$c©2001.
=300  \\$a1 online resource (xxiv, 260 pages) :$billustrations, text file, PDF
=336  \\$atext$2rdacontent
=337  \\$acomputer$2rdamedia
=338  \\$aonline resource$2rdacarrier
=500  \\$a"First published in 1980. Reprinted 2001"--t.p. verso.
=504  \\$aIncludes bibliographical references and index.
=505  0\$apt. 1. General survey of early types of water transport -- pt. 2. Europe -- pt. 3. Outside Europe.
=530  \\$aAlso available in print format.
=650  \0$aBoats, Prehistoric.
=655  \7$aElectronic books.$2lcsh
=700  1\$aMcGrail, Sean.
=776  08$iPrint version: $z9781138177574$q(Hardback)$w(DLC)   88023959 
=793  0\$aTaylor & Francis online monographs (UCSD)
=856 40$zTaylor & Francis. Restricted to UCSD IP addresses.$uhttps://www.taylorfrancis.com/books/9781317762232

