=LDR  02169cam a2200493Ii 4500
=001  TF9781315457659
=003  FlBoTFG
=005  20180330125217.0
=006  m\\\\\o\\d\\\\\\\\
=007  cr\\\\\\\\\\\\
=008  180331s2017\\\\enka\\\\ob\\\\001\0\eng\d
=020  \\$a9781315457642 (e-book: PDF)$q(e-book : PDF)
=020  \\$z9781315457642$q(e-book: PDF)
=020  \\$z9781315457628$q(e-book: Mobi)
=020  \\$z9781857438635$q(hardback)
=020  \\$a9781315457659 (e-book)
=020  \\$a9781315457628 (e-book: Mobi)
=020  \\$a9781857438635 (hardback)
=024  7\$a10.4324/9781315457659 $2doi
=035  \\$a(OCoLC)959373931
=040  \\$aFlBoTFG$beng$erda$cFlBoTFG
=043  \\$aa------$af------$acl-----
=050  \4$aHF1583$b.R43 2017
=082  04$a337.091724$bR311
=245  00$aReconfiguration of the global South :$bAfrica and Latin America in the 'Asian century' /$cedited by Eckart Woertz.
=264  \1$aAbingdon, Oxon ;$aNew York, N.Y. :$bRoutledge,$c©2017.
=300  \\$a1 online resource :$btext file, PDF
=336  \\$atext$btxt$2rdacontent
=337  \\$acomputer$bc$2rdamedia
=338  \\$aonline resource$bcr$2rdacarrier
=490  0\$aEuropa regional perspectives
=504  \\$aIncludes bibliographical references and index.
=505  0\$aPart 1. Framing the topic -- Part 2. Strategic issues and the interests of outside powers -- Part 3. Economic cooperation and urbanization -- Part 4. African case studies -- Part 5. Latin American case studies.
=530  \\$aAlso available in print format.
=651  \0$aAfrica$xForeign economic relations$zAsia.
=651  \0$aAsia$xForeign economic relations$zAfrica.
=651  \0$aAsia$xForeign economic relations$zLatin America.
=651  \0$aAsia$xForeign relations$zAfrica.
=651  \0$aAsia$xForeign relations$zLatin America.
=651  \0$aLatin America$xForeign economic relations$zAsia.
=655  \7$aElectronic books.$2lcsh
=700  1\$aWoertz, Eckart,$eeditor...
=776  08$iPrint version: $z9781857438635$q(Hardback)
=793  0\$aTaylor & Francis online monographs (UCSD)
=856 40$zTaylor & Francis. Restricted to UCSD IP addresses.$uhttps://www.taylorfrancis.com/books/9781315457642

