=LDR  07525cam a2200517Ii 4500
=001  TF9780429903595
=003  FlBoTFG
=005  20180417115056.0
=006  m\\\\\o\\d\\\\\\\\
=007  cr\\\\\\\\\\\\
=008  180417s2012\\\\flu\b\\\ob\\\\001\0\eng\d
=020  \\$a9780429903595$q(e-book : PDF)
=020  \\$a9780429478826 (e-book)
=020  \\$a9780429932052 (e-book: Mobi)
=020  \\$a9781780490830 (paperback)
=035  \\$a(OCoLC)793166643
=040  \\$aFlBoTFG$cFlBoTFG$erda
=050  \4$aRC489.S67
=072  \7$aPSY$x000000 $2bisacsh
=072  \7$aJMAF $2bicscc
=082  04$a618.8914$223
=100  1\$aHarborne, Lynette,$eauthor.
=245  10$aPsychotherapy and spiritual direction :$btwo languages, one voice? /$cby Lynette Harborne.
=250  \\$aFirst edition.
=263  \\$a201204
=264  \1$aBoca Raton, FL :$bTaylor and Francis, an imprint of Routledge,$c©2012.
=300  \\$a1 online resource (170 pages) :$btext file, PDF
=336  \\$atext$2rdacontent
=337  \\$acomputer$2rdamedia
=338  \\$aonline resource$2rdacarrier
=504  \\$aIncludes bibliographical references and index.
=505  00$tpart PART I: CHINESE CULTURE AND HISTORY RELEVANT TO MENTAL HEALTH -- $tchapter 1 Idealising individual choice: work, love, and family in the eyes of young, rural Chinese /$rMette Halskov Hansen -- $tchapter 2 Psychoanalytically oriented psychotherapy and the Chinese self /$rAntje Haag -- $tchapter 3 China—a traumatised country? The aftermath of the Chinese Cultural Revolution (1966–1976) for the individual and for society /$rTomas Plänkers -- $tchapter 4 The religious context of China’s psycho-boom /$rHsuan-Ying Huang -- $tchapter 5 The encounter of psychoanalysis and Chinese culture /$rLin Tao -- $tchapter 6 Yin yang philosophy and Chinese mental health /$rLi Ming -- $tchapter 7 Psychoanalysis meets China: transformative dialogue or monologue of the western voice? /$rJosé Saporta -- $tchapter DISCUSSION OF CHAPTER SEVEN /$rSverre Varvin -- $tchapter 8 The shibboleth of cross-cultural issues in psychoanalytic treatment /$rElise Snyder -- $tchapter 9 Collective castration anxieties: an ethnopsychoanalytic perspective on relations between the sexes in China /$rAlf Gerlach -- $tchapter 15 things western therapists need to know for working with Chinese therapists and patients /$rDavid E. Scharff -- $tpart PART II: THE DEVELOPMENT OF PSYCHOANALYSIS AND PSYCHOTHERAPY IN CHINA -- $tchapter 11 West–East differences in habits and ways of thinking: the influence on understanding and teaching psychoanalytic therapy /$rSverre Varvin -- $tchapter 12 The impact of psychic trauma on individuation and self-identity: how the psychic trauma of poverty affects individuation and self-identity in the context of the Chinese family -- $tchapter 13 Working with Chinese patients: Are there conflicts between Chinese culture and psychoanalysis? /$rZhong Jie -- $tchapter 4 TEEN The development of psychoanalysis in China /$rShi Qijia -- $tchapter 15 Transference and countertransference in a Chinese setting: reflections on a psychotherapeutic process /$rWang Zhiyan -- $tchapter 6 TEEN Sleeping Beauty’s dream: when a myth from the East meets a tale from the West, a new story is born on the TV screen, one that can be understood psychoanalytically -- $tchapter DISCUSSION OF CHAPTER SIXTEEN /$rRainer Rehberger -- $tpart PART III: DEVELOPING TRAINING IN CHINA -- $tchapter 17 The development of psychodynamic psychotherapy and psychoanalysis in China /$rSverre Varvin -- $tchapter 18 The development of psychoanalytic psychotherapy at Shanghai Mental Health Centre /$rXu Yong -- $tchapter 19 Introducing psychoanalytic therapy into China: the CAPA experience /$rRalph E. Fishkin -- $tchapter 20 German psychoanalysts in China and the start of group therapy work /$rAlf Gerlach -- $tchapter 21 Research on the development of Chinese psychoanalysts and psychotherapists /$rLi Yawen -- $tchapter 22 Dynamic psychotherapy: a model for teaching and supervision in China /$rSiri Erika Gullestad -- $tchapter 23 Learning, translating, and practising analytic psychotherapy in China /$rGao Jun -- $tchapter 24 Learning analytic psychotherapy as a student and psychiatric resident in Shanghai /$rQi Wei -- $tchapter 25 Assessment and early treatment in psychoanalysis in China /$rLiu Yiling -- $tchapter 26 Navigating the uncharted psychoanalytic seascape between East and West: a pilot project with Hainan Anning Hospital that cultivated mutual learning /$rCaroline Sehon -- $tpart PART IV: MARRIAGE AND MARITAL THERAPY IN CHINA AND TAIWAN -- $tchapter 27 The impact of Chinese cultures on a marital relationship /$rJill Savege Scharff -- $tchapter 28 Cultural factors and projective identification in understanding a Chinese couple /$rShi Qijia -- $tchapter 29 The intergenerational and cultural transmission of trauma in Chinese couples: treatment considerations /$rJanine Wanlass -- $tchapter 30 Conflict between extended families and couple identity in Taiwan—a psychoanalytic exploration /$rHui-Wen Teng -- $tchapter EPILOGUE /$rDavid E. Scharff.
=520  3\$aThis book explores the similarities and differences between the practice of psychotherapy and spiritual direction and suggests that, whilst there may be distinctions between the two activities, the process is essentially the same. The purpose of the book is to improve the understanding between therapists and spiritual directors, to encourage dialogue and discussion between them, as well as to offer challenges and learning to both.In the process of exploring the interface between the practice of therapy and the practice of spiritual direction, questions arise about how to address issues of spirituality in a psychological context and psychological issues in a spiritual context. A brief overview of the historical background to spiritual direction is given, and attention drawn to the links between this tradition and the development of psychotherapy. Spiritual issues that may arise in therapy together with psychological issues that occur during spiritual direction are discussed, leading on to a comparison between 'dark night of the soul' experiences and clinical depression.Ethical practice and the recognition of possible misuse of power in both the therapeutic and spiritual direction relationships are examined and the subject of the inclusion of prayer in either is also considered. The provision of relevant and effective training is discussed.The book concludes with a proposition that, taking common factors theory into account, spiritual direction might be considered to be a modality of psychotherapy, and an invitation to those engaged in either psychotherapy or spiritual direction to engage in further discussion and conversation in the interests of developing good practice in both.
=530  \\$aAlso available in print format.
=650  \0$aCounseling$vmethods.
=650  \0$aCounseling$xReligious aspects.
=650  \0$aPsychotherapy$vmethods.
=650  \0$aPsychotherapy$xReligious aspects.
=650  \0$aReligion and Psychology.
=650  \0$aSpiritual direction.
=650  \0$aSpirituality$xPsychology.
=650  \0$aSpirituality.
=655  \7$aElectronic books.$2lcsh
=710  2\$aTaylor and Francis.
=776  08$iPrint version: $z9781780490182(Paperback)$w(DLC)  2013431838
=793  0\$aTaylor & Francis online monographs (UCSD)
=856 40$zTaylor & Francis. Restricted to UCSD IP addresses.$uhttps://www.taylorfrancis.com/books/9780429903595

