=LDR  03366cam a2200493Ii 4500
=001  TF9781315794198
=003  FlBoTFG
=005  20180331102445.0
=006  m\\\\\o\\d\\\\\\\\
=007  cr\\\\\\\\\\\\
=008  180331s2016\\\\enka\\\\obf\\\001\0\eng\d
=020  \\$a9781317743781 (e-book: PDF)$q(e-book : PDF)
=020  \\$z9781317743781$q(e-book: PDF)
=020  \\$z9781317743774$q(e-book: ePub)
=020  \\$z9781317743767$q(e-book: Mobi)
=020  \\$z9781138015630$q(hardback)
=020  \\$a9781315794198 (e-book)
=020  \\$a9781317743767 (e-book: Mobi)
=020  \\$a9781317743774 (e-book: ePub)
=020  \\$a9781138015630 (hardback)
=020  \\$a9781138612877 (paperback)
=024  7\$a10.4324/9781315794198 $2doi
=035  \\$a(OCoLC)949884540
=040  \\$aFlBoTFG$cFlBoTFG$erda$beng
=050  \4$aGN296$b.R68 2016
=082  04$a306.461$bR869
=245  04$aThe Routledge handbook of medical anthropology /$cedited by Lenore Manderson, Elizabeth Cartwright and Anita Hardon.
=246  30$aHandbook of medical anthropology
=264  \1$aMilton Park, Abingdon, Oxon ;$aNew York, N.Y. :$bRoutledge,$c©2016.
=300  \\$a1 online resource (x, 232  pages) :$billustrations, text file, PDF
=336  \\$atext$2rdacontent
=337  \\$acomputer$2rdamedia
=338  \\$aonline resource$2rdacarrier
=490  1\$aRoutledge handbooks
=504  \\$aIncludes bibliographical references and index.
=505  0\$a1. Introduction : sign posts / Lenore Manderson, Elizabeth Cartwright and Anita Hardon -- 2. Changing childhoods / Lenore Manderson, Elizabeth Cartwright and Anita Hardon -- 3. Sexuality and technology / Anita Hardon, Lenore Manderson and Elizabeth Cartwright -- 4. The socialities of HIV / Anita Hardon, Lenore Manderson and Elizabeth Cartwright -- 5. Stress in everyday life / Anita Hardon, Elizabeth Cartwright and Lenore Manderson -- 6. Bodily resistances / Elizabeth Cartwright, Anita Hardon and Lenore Manderson -- 7. Chronicities of illness / Lenore Manderson, Elizabeth Cartwright and Anita Hardon -- 8. Ways of caring / Elizabeth Cartwright, Anita Hardon and Lenore Manderson -- 9. Endings / Lenore Manderson, Elizabeth Cartwright and Anita Hardon -- 10. Marketing medicine / Anita Hardon, Lenore Manderson and Elizabeth Cartwright -- 11. The anthropocene / Elizabeth Cartwright, Lenore Manderson and Anita Hardon -- 12. Global quests for care / Elizabeth Cartwright, Lenore Manderson and Anita Hardon -- 13. War, violence and social repair / Lenore Manderson, Elizabeth Cartwright and Anita Hardon -- 14. Genes, Kinship and risk / Anita Hardon, Lenore and Manderson and Elizabeth Cartwright -- 15. How the logics of biomedical practice travel / Elizabeth Cartwright, Anita Hardon and Lenore Manderson -- 16. Vital signs : medical anthropology in the twenty-first century / Lenore Manderson, Anita Hardon and Elizabeth Cartwright.
=530  \\$aAlso available in print format.
=538  \\$aMode of access: World Wide Web.
=650  \0$aMedical anthropology$vHandbooks, manuals, etc.
=655  \7$aElectronic books.$2lcsh
=700  1\$aManderson, Lenore.
=776  08$iPrint version: $z9781138015630$q(Hardback)$w(DLC) 2015041657
=793  0\$aTaylor & Francis online monographs (UCSD)
=830  \0$aRoutledge handbooks.
=856 40$zTaylor & Francis. Restricted to UCSD IP addresses.$uhttps://www.taylorfrancis.com/books/9781317743781

