=LDR  02514cam a2200505Ii 4500
=001  TF9781315569826
=003  FlBoTFG
=005  20180331102445.0
=006  m\\\\\o\\d\\\\\\\\
=007  cr\\\\\\\\\\\\
=008  180331r20162015enkacf\\ob\\\\001\0beng\d
=020  \\$a9781317172871 (e-book: PDF)$q(e-book : PDF)
=020  \\$z9781317172871$q(e-book: PDF)
=020  \\$z9781317172864$q(e-book: ePub)
=020  \\$z9781317172857$q(e-book: Mobi)
=020  \\$z9781472428103$q(hardback)
=020  \\$a9781315569826 (e-book)
=020  \\$a9781317172857 (e-book: Mobi)
=020  \\$a9781317172864 (e-book: ePub)
=020  \\$a9781472428103 (hardback)
=024  7\$a10.4324/9781315569826 $2doi
=035  \\$a(OCoLC)948604108
=040  \\$aFlBoTFG$cFlBoTFG$erda$beng
=043  \\$ae-uk---
=050  \4$aQ143.B77$bH87 2016
=082  04$a509.2$bH946
=100  1\$aHunter, Michael Cyril William.,$eauthor.
=245  10$aBoyle studies :$baspects of the life and thought of Robert Boyle (1627-91) /$cMichael Hunter.
=264  \1$aLondon ;$aNew York :$bRoutledge,$c©2016.
=300  \\$a1 online resource (xx, 252  pages) :$billustrations, text file, PDF
=336  \\$atext$2rdacontent
=337  \\$acomputer$2rdamedia
=338  \\$aonline resource$2rdacarrier
=500  \\$a"First published 2015 by Ashgate Publishing"--t.p. verso.
=504  \\$aIncludes bibliographical references and index.
=505  0\$a1. Introduction -- 2. Boyle's early intellectual evolution : a reappraisal -- 3. Boyle and the early Royal Society : a reciprocal exchange in the making of Baconian science -- 4. Boyle, Narcissus Marsh and the Anglo-Irish intellectual scene in the late seventeenth century -- 5. The disquieted mind in casuistry and natural philosophy : Boyle and Thomas Barlow -- 6. Boyle and secrecy -- 7. Boyle and the uses of print -- 8. Boyle and the supernatural -- 9. 'Physica peregrinans, or the travelling naturalist' : Boyle, his informants and the role of the exotic.
=530  \\$aAlso available in print edition.
=538  \\$aMode of access: World Wide Web.
=600  10$aBoyle, Robert,$d1627-1691.
=650  \0$aNature$vEarly works to 1800.
=650  \0$aScience$vEarly works to 1800.
=650  \0$aScientists$zGreat Britain$vBiography.
=655  \7$aElectronic books.$2lcsh
=776  08$iPrint version: $z9781472428103(Hardback)$w 2014026570
=793  0\$aTaylor & Francis online monographs (UCSD)
=856 40$zTaylor & Francis. Restricted to UCSD IP addresses.$uhttps://www.taylorfrancis.com/books/9781317172871

