=LDR  03249cam a2200517Ii 4500
=001  TF9781315717265
=003  FlBoTFG
=005  20180331111825.0
=006  m\\\\\o\\d\\\\\\\\
=007  cr\\\\\\\\\\\\
=008  180331s2016\\\\enka\\\\ob\\\\001\0\eng\d
=020  \\$a9781317509479 (e-book: PDF)$q(e-book : PDF)
=020  \\$z9781317509479$q(e-book: PDF)
=020  \\$z9781317509462$q(e-book: ePub)
=020  \\$z9781317509455$q(e-book: Mobi)
=020  \\$z9781138859401$q(hardback)
=020  \\$z9781138476004$q(paperback)
=020  \\$a9781315717265 (e-book)
=020  \\$a9781317509455 (e-book: Mobi)
=020  \\$a9781317509462 (e-book: ePub)
=020  \\$a9781138859401 (hardback)
=020  \\$a9781138476004 (paperback)
=024  7\$a10.4324/9781315717265 $2doi
=035  \\$a(OCoLC)958109416
=040  \\$aFlBoTFG$cFlBoTFG$erda$beng
=043  \\$aa-cc---
=050  \4$aP92.C6$bM43 2016
=082  04$a302.230951$bM489
=245  00$aMedia and communication in the Chinese diaspora :$brethinking transnationalism /$cedited by Wanning Sun and John Sinclair.
=264  \1$aLondon ;$aNew York :$bRoutledge,$c©2016.
=300  \\$a1 online resource (xvi, 229 pages) :$billustrations, text file, PDF
=336  \\$atext$2rdacontent
=337  \\$acomputer$2rdamedia
=338  \\$aonline resource$2rdacarrier
=490  1\$aMedia, culture and social change in Asia series ;$v44
=504  \\$aIncludes bibliographical references and index.
=505  0\$a1. "New migrants" from the PRC and the transformation of Chinese media : the case of Cambodia / Nyiri Pal -- 2. The conundrum of the "honorary whites" : media and being Chinese in South Africa / Wanning Sun -- 3. An overseas orthodoxy? : shifting toward pro-PRC media in Chinese-speaking Brazil / Josh Stenberg -- 4. Bridge or barrier : migration, media, and the sojourner mentality in Chinese communities in Italy and Spain / Tian Gong -- 5. Unique past and common future : Chinese immigrants and Chinese-language media in France / Nan Dai -- 6. Politics of homeland : hegemonic discourses of the intervening homeland in Chinese diasporic newspapers in the Netherlands / Cindy Cheung-Kwan Chong -- 7. The Chinese diaspora, motherland, and "June fourth" : a discourse analysis of the BBC Chinese "have your say" forum, 2009-13 / Jingrong Tong -- 8. Geo-ethnic storytelling : Chinese-language television in Canada / Shuyu Kong -- 9. Cyber China and evolving transnational identities : the case of New Zealand / Manying Ip and Hang Yin -- 10. Provisional business migrants to western Australia, social media, and conditional belonging / Susan Leong -- 11. Xin Yimin : "new" Chinese migration and new media in a Trinidadian town / Jolynna Sinanan.
=530  \\$aAlso available in print format.
=650  \0$aMass media$zChina.
=651  \0$aChina$xEmigration and immigration.
=655  \7$aElectronic books.$2lcsh
=700  1\$aSinclair, John.
=700  1\$aSun, Wanning,$d1963-
=776  08$iPrint version: $z9781138859401$q(Hardback)$w(DLC) 2015006157
=793  0\$aTaylor & Francis online monographs (UCSD)
=830  \0$aMedia, culture and social change in Asia series ;$v44.
=856 40$zTaylor & Francis. Restricted to UCSD IP addresses.$uhttps://www.taylorfrancis.com/books/9781317509479

