=LDR  04322cam a2200529Ii 4500
=001  TF9781315848822
=003  FlBoTFG
=005  20180331111825.0
=006  m\\\\\o\\d\\\\\\\\
=007  cr\\\\\\\\\\\\
=008  180331s2015\\\\enka\\\\ob\\\\001\0\eng\d
=020  \\$a9781317908036 (e-book: PDF)$q(e-book : PDF)
=020  \\$z9781317908036$q(e-book: PDF)
=020  \\$z9781317908029$q(e-book: ePub)
=020  \\$z9781317908012$q(e-book: Mobi)
=020  \\$z9780415732888$q(hardback)
=020  \\$z9781138221864$q(paperback)
=020  \\$a9781315848822 (e-book)
=020  \\$a9781317908012 (e-book: Mobi)
=020  \\$a9781317908029 (e-book: ePub)
=020  \\$a9780415732888 (hardback)
=020  \\$a9781138221864 (paperback)
=024  7\$a10.4324/9781315848822 $2doi
=035  \\$a(OCoLC)958099811
=040  \\$aFlBoTFG$cFlBoTFG$erda$beng
=050  \4$aHV6773.15.C97$bT47 2015
=082  04$a363.32502854678$bT328
=245  00$aTerrorism online :$bpolitics, law and technology /$cedited by Lee Jarvis, Stuart Macdonald and Thomas M. Chen.
=264  \1$aLondon ;$aNew York :$bRoutledge,$c©2015.
=300  \\$a1 online resource (xii, 198 pages) :$billustrations, text file, PDF
=336  \\$atext$2rdacontent
=337  \\$acomputer$2rdamedia
=338  \\$aonline resource$2rdacarrier
=490  0\$aRoutledge studies in conflict, security and technology
=504  \\$aIncludes bibliographical references and index.
=505  0\$a1. Terrorism online : a new strategic environment / Stuart Macdonald and David Mair -- 2. Lone actor terrorist use of the internet and behavioural correlates / Paul Gill and Emily Corner -- 3. Hacktivism as an emerging cyberthreat : case study of a Turkish hacktivist group / Unal Tatar and M. Minhac Celik -- 4. An updated cost-benefit view of cyberterrorism / Turki Al-Garni and Thomas M. Chen -- 5. Cyberterrorism and Moral Panics : a reflection on the discourse of cyberterrorism / Lorraine Bowman-Grieve -- 6. Cyberterrorism, criminal law and punishment-based deterrence / Patrick Bishop -- 7. State surveillance in cyberspace : a new perspective on digital data practices by intelligence and security services / Sergei Boeke and Quirine Eijkman -- 8. Transatlantic collaboration in countering cyberterrorism / Eva Nagyfejeo -- 9. The use of force as a response to cyberterrorism / Irene Couzigou.
=520  \\$a"This book investigates the intersection of terrorism, digital technologies and cyberspace. Currently, the evolving academic field of cyber-terrorism is largely dominated by single perspective, technological, political, or sociological, texts. In contrast, Terrorism Online utilises a multi-disciplinary framework to provide a broader introduction to debates and developments that have largely been conducted in isolation to date. Drawing together key academics from a range of disciplinary fields, including Computer Science, Engineering, Social Psychology, International Relations, Law and Politics, the volume focuses on three broad themes: 1) how - and why - do terrorists engage with the Internet, digital technologies and cyberspace?; 2) what threat do these various activities pose, and to whom?; 3) how might these activities be prevented, deterred or responded to? Exploring these themes, the book engages with a range of contemporary case studies and different forms of terrorism: from lone-actor terrorists, protest activities associated with 'hacktivist' groups and state-based terrorism. Through the book's engagement with questions of law, politics, technology and beyond, the volume offers a holistic approach which provides both a unique and valuable contribution to this subject matter. This book will be of interest to students of cyberterrorism, security studies and IR in general"--$cProvided by publisher.
=530  \\$aAlso available in print format.
=650  \0$aComputer crimes$xPolitical aspects.
=650  \0$aCyberterrorism.
=650  \0$aTerrorism.
=655  \7$aElectronic books.$2lcsh
=700  1\$aChen, Thomas M.
=700  1\$aJarvis, Lee,$d1979-
=700  1\$aMacdonald, Stuart,$d1946-
=776  08$iPrint version: $z9780415732888$q(Hardback)$w(DLC) 2014034280
=793  0\$aTaylor & Francis online monographs (UCSD)
=856 40$zTaylor & Francis. Restricted to UCSD IP addresses.$uhttps://www.taylorfrancis.com/books/9781317908036

