=LDR  02521cam a2200493Ii 4500
=001  TF9781315696225
=003  FlBoTFG
=005  20180331111825.0
=006  m\\\\\o\\d\\\\\\\\
=007  cr\\\\\\\\\\\\
=008  180331s2016\\\\enkac\\\ob\\\\001\0\eng\d
=020  \\$a9781317445319 (e-book: PDF)$q(e-book : PDF)
=020  \\$z9781317445319$q(e-book: PDF)
=020  \\$z9781317189381$q(e-book: ePub)
=020  \\$z9781134794386$q(e-book: Mobi)
=020  \\$z9781138904668$q(hardback)
=020  \\$z9781138904675$q(paperback)
=020  \\$a9781315696225 (e-book)
=020  \\$a9781134794386 (e-book: Mobi)
=020  \\$a9781317189381 (e-book: ePub)
=020  \\$a9781138904668 (hardback)
=020  \\$a9781138904675 (paperback)
=024  7\$a10.4324/9781315696225 $2doi
=035  \\$a(OCoLC)958108695
=040  \\$aFlBoTFG$cFlBoTFG$erda$beng
=050  \4$aTA645$b.R682 2016
=082  04$a624.171$bR823
=100  1\$aRoss, C. T. F.,$d1935-,$eauthor.
=245  10$aMechanics of solids /$cCarl Ross, John Bird and Andrew Little.
=250  \\$aSecond edition.
=264  \1$aLondon ;$aNew York :$bRoutledge,$c©2016.
=300  \\$a1 online resource (xiii, 440 pages) :$billustrations, text file, PDF
=336  \\$atext$2rdacontent
=337  \\$acomputer$2rdamedia
=338  \\$aonline resource$2rdacarrier
=504  \\$aIncludes bibliographical references and index.
=505  0\$a1. Revisionary mathematics -- 2. Further revisionary mathematics -- 3. Statics -- 4. Stress and strain -- 5. Geometrical properties of symmetrical sections -- 6. Bending stresses in beams -- 7. Beam deflections due to bending -- 8. Torsion -- 9. Complex stress and strain -- 10. Membrane theory for thin-alled circular cylinders and spheres -- 11. Energy methods -- 12. Theories of elastic failure -- 13. Thick cylinders and spheres -- 14. The buckling of struts -- 15. Unsymmetrical bending of beams -- 16. Shear stresses in bending and shear deflections -- 17. Composites -- 18. The matrix displacement method -- 19. The finite element method -- 20. Experimental strain analysis.
=530  \\$aAlso available in print format.
=650  \0$aStructural analysis (Engineering)
=655  \7$aElectronic books.$2lcsh
=700  1\$aBird, John,$d1954 November 3-
=700  1\$aLittle, Andrew,$d1957-
=776  08$iPrint version: $z9781138904668$q(Hardback)$w(DLC) 2015023558
=793  0\$aTaylor & Francis online monographs (UCSD)
=856 40$zTaylor & Francis. Restricted to UCSD IP addresses.$uhttps://www.taylorfrancis.com/books/9781317445319

