=LDR  02665cam a2200493Ii 4500
=001  TF9781315707419
=003  FlBoTFG
=005  20180331111825.0
=006  m\\\\\o\\d\\\\\\\\
=007  cr\\\\\\\\\\\\
=008  180331s2016\\\\enka\\\\ob\\\\001\0\eng\d
=020  \\$a9781317479789 (e-book: PDF)$q(e-book : PDF)
=020  \\$z9781317479789$q(e-book: PDF)
=020  \\$z9781317479772$q(e-book: ePub)
=020  \\$z9781317479765$q(e-book: Mobi)
=020  \\$z9781138890473$q(hardback)
=020  \\$z9781138890480$q(paperback)
=020  \\$a9781315707419 (e-book)
=020  \\$a9781317479765 (e-book: Mobi)
=020  \\$a9781317479772 (e-book: ePub)
=020  \\$a9781138890473 (hardback)
=020  \\$a9781138890480 (paperback)
=024  7\$a10.4324/9781315707419 $2doi
=035  \\$a(OCoLC)958109248
=040  \\$aFlBoTFG$cFlBoTFG$erda$beng
=050  \4$aRC489.C63$bB43 2016
=082  04$a616.891425$bB393
=100  1\$aBeck, Andrew$c(Clinical psychologist),$eauthor.
=245  10$aTranscultural cognitive behaviour therapy for anxiety and depression :$ba practical guide /$cAndrew Beck.
=264  \1$aAbingdon, Oxon ;$aNew York :$bRoutledge,$c©2016.
=300  \\$a1 online resource (viii, 187 pages) :$billustrations, text file, PDF
=336  \\$atext$2rdacontent
=337  \\$acomputer$2rdamedia
=338  \\$aonline resource$2rdacarrier
=504  \\$aIncludes bibliographical references and index.
=505  0\$a1. Introduction : why we need to think and work transculturally -- 2. How to discuss ethnicity and culture with service users and why it can improve outcomes -- 3. Using family systems, migration histories and acculturation in assessment and formulation -- 4. Disorder specific models in transcultural CBT -- 5. Post-traumatic stress disorder : culturally adapted or culturally sensitive CBT? -- 6. Integrating religious or spiritual beliefs and practices with CBT -- 7. Interpreter mediated CBT : the limits of language might not be the limits of cognition -- 8. Why service-wide change is needed to support transcultural CBT -- 9. How confident can clinicians be about using outcome measures across cultures? -- 10. How to use supervision to enhance and support transcultural CBT.
=530  \\$aAlso available in print format.
=650  \0$aAnxiety disorders.
=650  \0$aCognitive therapy.
=650  \0$aDepression, Mental.
=650  \0$aEthnopsychology.
=655  \7$aElectronic books.$2lcsh
=776  08$iPrint version: $z9781138890473$q(Hardback)$w(DLC) 2015041552
=793  0\$aTaylor & Francis online monographs (UCSD)
=856 40$zTaylor & Francis. Restricted to UCSD IP addresses.$uhttps://www.taylorfrancis.com/books/9781317479789

