=LDR  02596cam a2200541Ii 4500
=001  TF9781315629803
=003  FlBoTFG
=005  20180331111825.0
=006  m\\\\\o\\d\\\\\\\\
=007  cr\\\\\\\\\\\\
=008  180331s2016\\\\enk\\\\\ob\\\\001\0\eng\d
=020  \\$a9781317245131 (e-book: PDF)$q(e-book : PDF)
=020  \\$z9781317245131$q(e-book: PDF)
=020  \\$z9781317245124$q(e-book: ePub)
=020  \\$z9781317245117$q(e-book: Mobi)
=020  \\$z9781138855670$q(hardback)
=020  \\$z9781138855687$q(paperback)
=020  \\$a9781315629803 (e-book)
=020  \\$a9781317245117 (e-book: Mobi)
=020  \\$a9781317245124 (e-book: ePub)
=020  \\$a9781138855670 (hardback)
=020  \\$a9781138855687 (paperback)
=024  7\$a10.4324/9781315629803 $2doi
=035  \\$a(OCoLC)946931403
=040  \\$aFlBoTFG$cFlBoTFG$erda$beng
=043  \\$ae------
=050  \4$aHQ1147.E85$bW37 2016
=082  04$a305.420940902$bW259
=100  1\$aWard, Jennifer C.,$eauthor.
=245  10$aWomen in medieval Europe 1200-1500 /$cJennifer Ward.
=250  \\$aSecond edition.
=264  \1$aLondon :$bRoutledge,$c©2016.
=300  \\$a1 online resource (viii, 299 pages) :$btext file, PDF
=336  \\$atext$2rdacontent
=337  \\$acomputer$2rdamedia
=338  \\$aonline resource$2rdacarrier
=500  \\$a"First edition published 2002 by Pearson Education Limited"--Title page verso.
=504  \\$aIncludes bibliographical references (p. [282]-292) and index.
=505  0\$a1. Upbringing -- 2. Marriage -- 3. Women and family -- 4. The house and household -- 5. Women and work in rural areas -- 6. Townswomen and work -- 7. Ethnic minorities : Jews, Muslims and slaves -- 8. Women and power : noblewomen and queens -- 9. Laywomen and the arts -- 10. Religious life : nuns and nunneries -- 11. Religious life : beguines, penitents and recluses -- 12. Mystics and saints -- 13. Laywomen and charity -- 14. Lay beliefs and religious practice -- 15. Women, heresy and witchcraft.
=530  \\$aAlso available in print format.
=650  \0$aWomen and religion$zEurope$xHistory$yTo 1500.
=650  \0$aWomen$xPolitical activity$zEurope$xHistory$yTo 1500.
=650  \0$aWomen$zEurope$xHistory$yMiddle Ages, 500-1500.
=650  \0$aWomen$zEurope$xSocial conditions.
=651  \0$aEurope$xSocial conditions$yT0 1492.
=655  \7$aElectronic books.$2lcsh
=776  08$iPrint version: $z9781138855670(Hardback)$w 2015037828
=793  0\$aTaylor & Francis online monographs (UCSD)
=856 40$zTaylor & Francis. Restricted to UCSD IP addresses.$uhttps://www.taylorfrancis.com/books/9781317245131

