=LDR  02070cam a2200505Ii 4500
=001  TF9781315643366
=003  FlBoTFG
=005  20180331111825.0
=006  m\\\\\o\\d\\\\\\\\
=007  cr\\\\\\\\\\\\
=008  180331s2016\\\\enkab\\\ob\\\\001\0\eng\d
=020  \\$a9781317285793 (e-book: PDF)$q(e-book : PDF)
=020  \\$z9781317285793$q(e-book: PDF)
=020  \\$z9781317285786$q(e-book: ePub)
=020  \\$z9781317285779$q(e-book: Mobi)
=020  \\$z9781138187122$q(hardback)
=020  \\$z9781138498501$q(paperback)
=020  \\$a9781315643366 (e-book)
=020  \\$a9781317285779 (e-book: Mobi)
=020  \\$a9781317285786 (e-book: ePub)
=020  \\$a9781138187122 (hardback)
=020  \\$a9781138498501 (paperback)
=024  7\$a10.4324/9781315643366 $2doi
=035  \\$a(OCoLC)956466639
=040  \\$aFlBoTFG$cFlBoTFG$erda$beng
=050  \4$aUG1242.D7$bK74 2016
=082  04$a358.4$bK925
=100  1\$aKreuzer, Michael P.,$eauthor.
=245  10$aDrones and the future of air warfare :$bthe evolution of remotely piloted aircraft /$cMichael P. Kreuzer.
=264  \1$aLondon ;$aNew York :$bRoutledge,$c©2016.
=300  \\$a1 online resource (x, 247 pages) :$billustrations, text file, PDF
=336  \\$atext$2rdacontent
=337  \\$acomputer$2rdamedia
=338  \\$aonline resource$2rdacarrier
=490  1\$aCass military studies
=504  \\$aIncludes bibliographical references and index.
=505  0\$a1. Introduction -- 2. US employment of RPAs -- 3. The human challenges of 'unmanned' aircraft -- 4. The global diffusion of RPAs -- 5. Planning for the future of RPAs and UCAVs.
=530  \\$aAlso available in print format.
=650  \0$aAir warfare.
=650  \0$aDrone aircraft.
=650  \0$aUninhabited combat aerial vehicles.
=655  \7$aElectronic books.$2lcsh
=776  08$iPrint version: $z9781138187122(Hardback)$w 2015047117
=793  0\$aTaylor & Francis online monographs (UCSD)
=830  \0$aCass military studies.
=856 40$zTaylor & Francis. Restricted to UCSD IP addresses.$uhttps://www.taylorfrancis.com/books/9781317285793

