=LDR  02055cam a2200469Ii 4500
=001  TF9781315717142
=003  FlBoTFG
=005  20180331111825.0
=006  m\\\\\o\\d\\\\\\\\
=007  cr\\\\\\\\\\\\
=008  180331s2017\\\\nyua\\\\ob\\\\001\0\eng\d
=020  \\$a9781317509110 (e-book: PDF)$q(e-book : PDF)
=020  \\$z9781317509110$q(e-book: PDF)
=020  \\$z9781317509097$q(e-book: Mobi)
=020  \\$z9781138859500$q(hardback)
=020  \\$a9781315717142 (e-book)
=020  \\$a9781317509097 (e-book: Mobi)
=020  \\$a9781138859500 (hardback)
=024  7\$a10.4324/9781315717142 $2doi
=035  \\$a(OCoLC)966743643
=040  \\$aFlBoTFG$cFlBoTFG$erda$beng
=050  \4$aPN3448.S73$bW48 2017
=082  04$a809.38766$bW623
=100  1\$aWhitson, Roger.,$eauthor.
=245  10$aSteampunk and nineteenth-century digital humanities :$bliterary retrofuturisms, media archaeologies, alternate histories /$cRoger Whitson.
=264  \1$aNew York :$bRoutledge,$c©2017.
=300  \\$a1 online resource (xiv, 229 pages) :$billustrations, text file, PDF
=336  \\$atext$2rdacontent
=337  \\$acomputer$2rdamedia
=338  \\$aonline resource$2rdacarrier
=490  1\$aRoutledge interdisciplinary perspectives on literature ;$v73
=504  \\$aIncludes bibliographical references and index.
=505  0\$a1. Difference Engines -- 2. Multicultural techniques -- 3. Anthropogenic computing -- 4. Dialectical engines -- 5. Queer publics.
=530  \\$aAlso available in print format.
=650  \0$aAlternative histories (Fiction)$xHistory and criticism.
=650  \0$aDigital humanities.
=650  \0$aFuturism (Literary movement)
=650  \0$aSteampunk fiction$xHistory and criticism.
=655  \7$aElectronic books.$2lcsh
=776  08$iPrint version: $z9781138859500$q(Hardback)$w(DLC) 2016037515
=793  0\$aTaylor & Francis online monographs (UCSD)
=830  \0$aRoutledge interdisciplinary perspectives on literature ;$v73.
=856 40$zTaylor & Francis. Restricted to UCSD IP addresses.$uhttps://www.taylorfrancis.com/books/9781317509110

