=LDR  01950cam a2200457Ii 4500
=001  TF9781315657929
=003  FlBoTFG
=005  20180331111825.0
=006  m\\\\\o\\d\\\\\\\\
=007  cr\\\\\\\\\\\\
=008  180331s2016\\\\enk\\\\\ob\\\\001\0deng\d
=020  \\$a9781317329510 (e-book: PDF)$q(e-book : PDF)
=020  \\$z9781317329510$q(e-book: PDF)
=020  \\$z9781317329503$q(e-book: ePub)
=020  \\$z9781317329497$q(e-book: Mobi)
=020  \\$z9780415819602$q(hardback)
=020  \\$a9781315657929 (e-book)
=020  \\$a9781317329497 (e-book: Mobi)
=020  \\$a9781317329503 (e-book: ePub)
=020  \\$a9780415819602 (hardback)
=024  7\$a10.4324/9781315657929 $2doi
=035  \\$a(OCoLC)958107964
=040  \\$aFlBoTFG$cFlBoTFG$erda$beng
=050  \4$aB1299.N274$bC86 2016
=082  04$a192$bC973
=100  1\$aCunning, David.,$eauthor.
=245  10$aMargaret Cavendish /$cDavid Cunning.
=264  \1$aLondon ;$aNew York :$bRoutledge,$c©2016.
=300  \\$a1 online resource (xiv, 321 pages) :$btext file, PDF
=336  \\$atext$2rdacontent
=337  \\$acomputer$2rdamedia
=338  \\$aonline resource$2rdacarrier
=490  1\$aArguments of the philosophers
=504  \\$aIncludes bibliographical references and index.
=505  0\$a1. Imagistic ideas, fallibilism, and the limits of cognition -- 2. Thinking matter -- 3. Ideas of God and other immaterials -- 4. The eternal plenum -- 5. Ubiquitous knowledge -- 6. Free will and agency -- 7. Stoical fancies -- 8. A note to the monarch.
=530  \\$aAlso available in print format.
=600  10$aNewcastle, Margaret Cavendish,$cDuchess of,$d1624?-1674.
=655  \7$aElectronic books.$2lcsh
=776  08$iPrint version: $z9780415819602(Hardback)$w 2015024609
=793  0\$aTaylor & Francis online monographs (UCSD)
=830  \0$aArguments of the philosophers.
=856 40$zTaylor & Francis. Restricted to UCSD IP addresses.$uhttps://www.taylorfrancis.com/books/9781317329510

