=LDR  02464cam a2200565Ii 4500
=001  TF9781315606699
=003  FlBoTFG
=005  20180331102445.0
=006  m\\\\\o\\d\\\\\\\\
=007  cr\\\\\\\\\\\\
=008  180331r20162015enka\\\\ob\\\\001\0deng\d
=020  \\$a9781317062264 (e-book: PDF)$q(e-book : PDF)
=020  \\$z9781317062264$q(e-book: PDF)
=020  \\$z9781317062257$q(e-book: ePub)
=020  \\$z9781317062240$q(e-book: Mobi)
=020  \\$z9781472417015$q(hardback)
=020  \\$a9781315606699 (e-book)
=020  \\$a9781317062240 (e-book: Mobi)
=020  \\$a9781317062257 (e-book: ePub)
=020  \\$a9781472417015 (hardback)
=024  7\$a10.4324/9781315606699 $2doi
=035  \\$a(OCoLC)948603695
=040  \\$aFlBoTFG$cFlBoTFG$erda$beng
=043  \\$ae-uk-en
=050  \4$aPR2224$b.S55 2016
=082  04$a828.309$bS558
=100  1\$aShirilan, Stephanie.,$eauthor.
=245  10$aRobert Burton and the transformative powers of melancholy /$cStephanie Shirilan.
=264  \1$aLondon ;$aNew York :$bRoutledge,$c©2016.
=300  \\$a1 online resource (273 pages) :$billustrations, text file, PDF
=336  \\$atext$2rdacontent
=337  \\$acomputer$2rdamedia
=338  \\$aonline resource$2rdacarrier
=490  1\$aLiterary and scientific cultures of early modernity
=500  \\$aFirst published 2015 by Ashgate Pub.
=504  \\$aIncludes bibliographical references and index.
=505  0\$a1. Democritus Junior : discerning care -- 2. Heroic hypochondria and the sympathetic delusions of melancholy -- 3. Exhilarating the spirits : study as cure for scholarly melancholy -- 4. "Exonerating" melancholy.
=530  \\$aAlso available in print format.
=538  \\$aMode of access: World Wide Web.
=600  10$aBurton, Robert,$d1577-1640$xCriticism and interpretation.
=600  10$aBurton, Robert,$d1577-1640.$tAnatomy of melancholy.
=650  \0$aBibliotherapy$zEngland$xHistory$y17th century.
=650  \0$aDepression, Mental, in literature.
=650  \0$aMelancholy in literature.
=650  \0$aMelancholy.
=650  \0$aMind and body therapies$zEngland$xHistory$y17th century.
=655  \7$aElectronic books.$2lcsh
=776  08$iPrint version: $z9781472417015(Hardback)$w 2015014046
=793  0\$aTaylor & Francis online monographs (UCSD)
=830  \0$aLiterary and scientific cultures of early modernity.
=856 40$zTaylor & Francis. Restricted to UCSD IP addresses.$uhttps://www.taylorfrancis.com/books/9781317062264

