=LDR  04319cam a2200589Ii 4500
=001  TF9781315673332
=003  FlBoTFG
=005  20180331111825.0
=006  m\\\\\o\\d\\\\\\\\
=007  cr\\\\\\\\\\\\
=008  180331s2016\\\\enk\\\\\ob\\\\001\0\eng\d
=020  \\$a9781317375852 (e-book: PDF)$q(e-book : PDF)
=020  \\$z9781317375852$q(e-book: PDF)
=020  \\$z9781317375845$q(e-book: ePub)
=020  \\$z9781317375838$q(e-book: Mobi)
=020  \\$z9781138942080$q(hardback)
=020  \\$z9781138942097$q(paperback)
=020  \\$a9781315673332 (e-book)
=020  \\$a9781317375838 (e-book: Mobi)
=020  \\$a9781317375845 (e-book: ePub)
=020  \\$a9781138942080 (hardback)
=020  \\$a9781138942097 (paperback)
=024  7\$a10.4324/9781315673332 $2doi
=035  \\$a(OCoLC)958108234
=040  \\$aFlBoTFG$cFlBoTFG$erda$beng
=043  \\$aa-cc---
=050  \4$aQC903.2.C5$bK63 2016
=082  04$a363.7387460951$bK777
=100  1\$aKoehn, Peter H.,$eauthor.
=245  10$aChina confronts climate change :$ba bottom-up perspective /$cPeter H. Koehn.
=264  \1$aLondon ;$aNew York :$bRoutledge,$c©2016.
=300  \\$a1 online resource (xxiii, 209 pages) :$btext file, PDF
=336  \\$atext$2rdacontent
=337  \\$acomputer$2rdamedia
=338  \\$aonline resource$2rdacarrier
=490  1\$aRoutledge advances in climate change research
=504  \\$aIncludes bibliographical references and index.
=505  0\$a1. China's position in climate futures : contributions, consequences, and responsibilities -- 2. Framework for analysis of contemporary climate-change governance -- 3. China's national climate change context : top-down governance, policies, and constraints -- 4. Bottom-up opportunities, initiatives, and constraints -- 5. Subnational framing of climate-stabilization initiatives -- 6. Current collaborations and promising opportunities : internal and transnational -- 7. The local power of diaspora connections -- 8. Conclusion : bottoms up?
=520  2\$a"China is an integral actor in any movement that will stabilize the global climate at conditions suited to sustainable development for its own population and for people living around the world. Assessments of China's climatic-system consequences, impact, and responsibilities need to take into account the strengths, weaknesses, and potential of subnational governments, non-governmental organizations, transnational non-state connections, and the urban populace in reducing greenhouse-gas emissions. A multitude of recent local initiatives that have engaged subnational China in actions that mitigate emissions can be enhanced by powerful framings that appeal to citizen concerns about air pollution and health conditions. China Confronts Climate Change offers the first fully comprehensive account of China's response to climate change, based on engagement with the global climate governance literature and current debates over responsibility along with specific insights into the Chinese context. Responsible implementation of any overarching climate agreement depends on expanding China's subnational contributions. To remain fully informed about GHG-emissions mitigation, China watchers and climate-change monitors need to pay close attention to bottom-up developments. The book provides a valuable contemporary resource for students, scholars, and policy leaders at all levels of governance who are concerned with climate change, environmental politics, and sustainable urban development"--Provided by publisher.
=530  \\$aAlso available in print format.
=650  \0$aClimate change mitigation$zChina.
=650  \0$aClimatic changes$xGovernment policy$zChina.
=650  \0$aEnvironmental policy$zChina$xCitizen participation.
=650  \0$aEnvironmental policy$zChina.
=650  \0$aGreenhouse gas mitigation$zChina.
=650  \0$aPolitical participation$zChina.
=650  \0$aSustainable urban development$zChina.
=651  \0$aChina$xEnvironmental conditions.
=655  \7$aElectronic books.$2lcsh
=776  08$iPrint version: $z9781138942080(Hardback)$w 2015024395
=793  0\$aTaylor & Francis online monographs (UCSD)
=830  \0$aRoutledge advances in climate change research.
=856 40$zTaylor & Francis. Restricted to UCSD IP addresses.$uhttps://www.taylorfrancis.com/books/9781317375852

