=LDR  02274cam a2200457Ii 4500
=001  TF9781315527574
=003  FlBoTFG
=005  20180331102445.0
=006  m\\\\\o\\d\\\\\\\\
=007  cr\\\\\\\\\\\\
=008  180331s2017\\\\nyua\\\\ob\\\\001\0deng\d
=020  \\$a9781315527567 (e-book: PDF)$q(e-book : PDF)
=020  \\$z9781315527567$q(e-book: PDF)
=020  \\$z9781315527550$q(e-book: ePub)
=020  \\$z9781315527543$q(e-book: Mobi)
=020  \\$z9781472471437$q(hardback)
=020  \\$a9781315527574 (e-book)
=020  \\$a9781315527543 (e-book: Mobi)
=020  \\$a9781315527550 (e-book: ePub)
=020  \\$a9781472471437 (hardback)
=024  7\$a10.4324/9781315527574 $2doi
=035  \\$a(OCoLC)963333005
=040  \\$aFlBoTFG$cFlBoTFG$erda$beng
=050  \4$aN6729.T6$bR66 2017
=082  04$a759.9895$bR766
=100  1\$aRommens, Aarnoud.,$eauthor.
=245  14$aThe art of Joaquin Torres-Garcia :$bconstructive universalism and the inversion of abstraction /$cAarnoud Rommens.
=264  \1$aNew York :$bRoutledge,$c©2017.
=300  \\$a1 online resource (xxx, 192  pages) :$billustrations, text file, PDF
=336  \\$atext$2rdacontent
=337  \\$acomputer$2rdamedia
=338  \\$aonline resource$2rdacarrier
=500  \\$a"An Ashgate Book"--cover.
=504  \\$aIncludes bibliographical references and index.
=505  0\$a1. Introduction : the routes to roots of Joaquin Torres-Garcia's South American abstraction -- 2. Constructive universalism's 'theoretical eye' : vitalism, arkhe-tectonics and grafismo -- 3. Tactics of a-semiosis -- 4. Writing/drawing the universal by hand : abstraction's unruliness -- 5. Emblematics, "The school of the South" and the inversion unruliness -- 5. Emblematics, "The school of the South" and the inversion maps -- 6. Thick grids and the scrapbooking of the universal.
=530  \\$aAlso available in print format.
=538  \\$aMode of access: World Wide Web.
=600  10$aTorres-Garcia, Joaquin,$d1874-1949$xCriticism and interpretation.
=655  \7$aElectronic books.$2lcsh
=776  08$iPrint version: $z9781472471437(Hardback)$w 2016010109
=793  0\$aTaylor & Francis online monographs (UCSD)
=856 40$zTaylor & Francis. Restricted to UCSD IP addresses.$uhttps://www.taylorfrancis.com/books/9781315527567

