=LDR  02061cam a2200493Ii 4500
=001  TF9781315658049
=003  FlBoTFG
=005  20180331111825.0
=006  m\\\\\o\\d\\\\\\\\
=007  cr\\\\\\\\\\\\
=008  180331s2016\\\\enka\\\\ob\\\\001\0\eng\d
=020  \\$a9781317329879 (e-book: PDF)$q(e-book : PDF)
=020  \\$z9781317329879$q(e-book: PDF)
=020  \\$z9781317329862$q(e-book: ePub)
=020  \\$z9781317329855$q(e-book: Mobi)
=020  \\$z9781138999879$q(hardback)
=020  \\$z9781138999862$q(paperback)
=020  \\$a9781315658049 (e-book)
=020  \\$a9781317329855 (e-book: Mobi)
=020  \\$a9781317329862 (e-book: ePub)
=020  \\$a9781138999879 (hardback)
=020  \\$a9781138999862 (paperback)
=024  7\$a10.4324/9781315658049 $2doi
=035  \\$a(OCoLC)951101539
=040  \\$aFlBoTFG$cFlBoTFG$erda$beng
=050  \4$aRA440.5$b.B75 2016
=082  04$a362.1$b362.
=100  1\$aBriggs, Charles L.,$d1953-,$eauthor.
=245  10$aMaking health public :$bhow news coverage is remaking media, medicine, and contemporary life /$cCharles L. Briggs and Daniel C. Hallin.
=264  \1$aMilton Park, Abingdon, Oxon ;$aNew York, N.Y. :$bRoutledge,$c©2016.
=300  \\$a1 online resource (xvii, 239 pages) :$billustrations, text file, PDF
=336  \\$atext$2rdacontent
=337  \\$acomputer$2rdamedia
=338  \\$aonline resource$2rdacarrier
=504  \\$aIncludes bibliographical references (p. [217]-233) and index.
=505  0\$apt. I. Toward a framework for studying biomediatization -- pt. II. Biomediatization up close : three case studies.
=530  \\$aAlso available in print format.
=650  \0$aHealth promotion.
=650  \0$aMass media in health education.
=650  \0$aMedicine$xVocational guidance.
=655  \7$aElectronic books.$2lcsh
=700  1\$aHallin, Daniel C.
=776  08$iPrint version: $z9781138999879(Hardback)$w 2015045012
=793  0\$aTaylor & Francis online monographs (UCSD)
=856 40$zTaylor & Francis. Restricted to UCSD IP addresses.$uhttps://www.taylorfrancis.com/books/9781317329879

