=LDR  02031cam a2200505Ii 4500
=001  TF9781315672083
=003  FlBoTFG
=005  20180331111825.0
=006  m\\\\\o\\d\\\\\\\\
=007  cr\\\\\\\\\\\\
=008  180331s2017\\\\enkad\\\ob\\\\001\0\eng\d
=020  \\$a9781317372103 (e-book: PDF)$q(e-book : PDF)
=020  \\$z9781317372103$q(e-book: PDF)
=020  \\$z9781317372080$q(e-book: Mobi)
=020  \\$z9781138944121$q(hardback)
=020  \\$a9781315672083 (e-book)
=020  \\$a9781317372080 (e-book: Mobi)
=020  \\$a9781138944121 (hardback)
=020  \\$a9781138335981 (paperback)
=024  7\$a10.4324/9781315672083 $2doi
=035  \\$a(OCoLC)976434757
=040  \\$aFlBoTFG$cFlBoTFG$erda$beng
=050  \4$aHB523$b.T75 2017
=082  04$a339.2$bT824
=100  1\$aTridico, Pasquale,$d1975-,$eauthor.
=245  10$aInequality in financial capitalism /$cPasquale Tridico.
=250  \\$aFirst edition.
=264  \1$aLondon ;$aNew York :$bRoutledge,$c©2017.
=300  \\$a1 online resource (xvi, 235 pages) :$billustrations, text file, PDF
=336  \\$atext$2rdacontent
=337  \\$acomputer$2rdamedia
=338  \\$aonline resource$2rdacarrier
=490  1\$aRoutledge frontiers of political economy ;$v226
=504  \\$aIncludes bibliographical references and index.
=505  0\$apt. I. Definitions, approaches and origins of income inequality -- pt. II. Financialisation and financial crisis : policies and empirical evidences.
=530  \\$aAlso available in print format.
=650  \0$aEquality$xEconomic aspects.
=650  \0$aFinancial institutions$xSocial aspects.
=650  \0$aIncome distribution.
=650  \0$aSocial policy.
=650  \0$aWelfare state.
=655  \7$aElectronic books.$2lcsh
=776  08$iPrint version: $z9781138944121(Hardback)$w 2016045390
=793  0\$aTaylor & Francis online monographs (UCSD)
=830  \0$aRoutledge frontiers of political economy ;$v226.
=856 40$zTaylor & Francis. Restricted to UCSD IP addresses.$uhttps://www.taylorfrancis.com/books/9781317372103

