=LDR  04592cam a2200613Ii 4500
=001  TF9781315586656
=003  FlBoTFG
=005  20180331111825.0
=006  m\\\\\o\\d\\\\\\\\
=007  cr\\\\\\\\\\\\
=008  180331s2017\\\\enka\\\\ob\\\\001\0\eng\d
=020  \\$a9781317122388 (e-book: PDF)$q(e-book : PDF)
=020  \\$z9781317122388$q(e-book: PDF)
=020  \\$z9781317122371$q(e-book: ePub)
=020  \\$z9781317122364$q(e-book: Mobi)
=020  \\$z9781472454874$q(hardback)
=020  \\$z9781138547346$q(paperback)
=020  \\$a9781315586656 (e-book)
=020  \\$a9781317122364 (e-book: Mobi)
=020  \\$a9781317122371 (e-book: ePub)
=020  \\$a9781472454874 (hardback)
=020  \\$a9781138547346 (paperback)
=024  7\$a10.4324/9781315586656 $2doi
=035  \\$a(OCoLC)953029966
=040  \\$aFlBoTFG$cFlBoTFG$erda$beng
=050  \4$aCC135$b.H44 2017
=082  04$a152.4$bH548
=245  00$aHeritage, affect and emotion :$bpolitics, practices and infrastructures /$cedited by Divya P. Tolia-Kelly, Emma Waterton and Steve Watson.
=264  \1$aLondon ;$aNew York :$bRoutledge,$c©2017.
=300  \\$a1 online resource (xviii, 301 pages) :$billustrations, text file, PDF
=336  \\$atext$2rdacontent
=337  \\$acomputer$2rdamedia
=338  \\$aonline resource$2rdacarrier
=490  0\$aCritical studies in heritage, emotion and affect
=504  \\$aIncludes bibliographical references and index.
=505  0\$apt. 1. Memories -- pt. 2. Places -- pt. 3. Practices.
=520  2\$a"Heritage and its economies are driven by affective politics and consolidated through emotions such as pride, awe, joy and pain. In the humanities and social sciences, there is a widespread acknowledgement of the limits not only of language and subjectivity, but also of visuality and representation. Social scientists, particularly within cultural geography and cultural studies, have recently attempted to define and understand that which is more-than-representational, through the development of theories of affect, assemblage, post-humanism and actor network theory, to name a few. While there have been some recent attempts to draw these lines of thinking more forcefully into the field of heritage studies, this book focuses for the first time on relating heritage with the politics of affect. The volume argues that our engagements with heritage are almost entirely figured through the politics of affective registers such as pain, loss, joy, nostalgia, pleasure, belonging or anger. It brings together a number of contributions that collectively--and with critical acuity--question how researchers working in the field of heritage might begin to discover and describe affective experiences, especially those that are shaped and expressed in moments and spaces that can be, at times, intensely personal, intimately shared and ultimately social. It explores current theoretical advances that enable heritage to be affected, released from conventional understandings of both heritage-as-objects and objects-as-representations by opening it up to a range of new meanings, emergent and formed in moments of encounter. Whilst representational understandings of heritage are by no means made redundant through this agenda, they are destabilized and can thus be judged anew in light of these developments. Each chapter offers a novel and provocative contribution, provided by an interdisciplinary team of researchers who are thinking theoretically about affect through landscapes, practices of commemoration, visitor experience, site interpretation and other heritage work"--Provided by publisher.
=530  \\$aAlso available in print format.
=650  \0$aAffect (Psychology)$xSocial aspects.
=650  \0$aCultural property$xProtection$xPolitical aspects.
=650  \0$aCultural property$xProtection$xResearch.
=650  \0$aCultural property$xProtection$xSocial aspects.
=650  \0$aCultural property$xPsychological aspects.
=650  \0$aEmotions$xSocial aspects.
=650  \0$aHistoric preservation$xPolitical aspects.
=650  \0$aHistoric preservation$xPsychological aspects.
=650  \0$aHistoric preservation$xResearch.
=650  \0$aHistoric preservation$xSocial aspects.
=655  \7$aElectronic books.$2lcsh
=700  1\$aTolia-Kelly, Divya Praful.
=700  1\$aWaterton, Emma.
=700  1\$aWatson, Steve.
=776  08$iPrint version: $z9781472454874(Hardback)$w 2016002731
=793  0\$aTaylor & Francis online monographs (UCSD)
=856 40$zTaylor & Francis. Restricted to UCSD IP addresses.$uhttps://www.taylorfrancis.com/books/9781317122388

