=LDR  03244cam a2200517Ii 4500
=001  TF9780203379424
=003  FlBoTFG
=005  20180331102445.0
=006  m\\\\\o\\d\\\\\\\\
=007  cr\\\\\\\\\\\\
=008  130331s1998\\\\nyua\\\\obq\\\001\0\eng\d
=010  \\$a   96049259 
=020  \\$a9780203379424 (e-book : PDF)
=020  \\$a9780415915052 (hardback)
=020  \\$a9780415915069 (paperback)
=020  \\$a9781136047985 (e-book: PDF)
=020  \\$a9781136048067 (e-book: ePub)
=020  \\$a9781136048142 (e-book: Mobi)
=024  7\$a10.4324/9780203379424 $2doi
=035  \\$a(OCoLC)823738251
=040  \\$aFlBoTFG$cFlBoTFG$erda
=043  \\$aa-kr---$aa-ko---
=090  \\$aHQ1765.5$b.D36 1998
=092  \\$a301.41209519$bD182
=245  00$aDangerous women :$bgender and Korean nationalism /$cedited by Elaine H. Kim and Chungmoo Choi.
=264  \1$aNew York :$bRoutledge,$c1998.
=300  \\$a1 online resource (viii, 324 pages) :$billustrations, text file, PDF
=336  \\$atext$2rdacontent
=337  \\$acomputer$2rdamedia
=338  \\$aonline resource$2rdacarrier
=504  \\$aIncludes bibliographical references, filmography, and index.
=505  0\$a1. Introduction / Elaine H. Kim and Chungmoo Choi -- 2. Nationalism and construction of gender in Korea / Chungmoo Choi - 3. Begetting the nation : the androcentric discourse of national history and tradition in South Korea / Seungsook Moon -- 4. Men's talk : a Korean American view of South Korean constructions of women, gender, and masculinity / Elaine H. Kim -- 5. Kindred distance / photo essay by Yong Soon Min -- 6. Re-membering the Korean military comfort women : nationalism, sexuality, and silencing / Hyunah Yang -- 7. Prostitute bodies and gendered states in U.S.-Korea relations / Katharine H.S. Moon -- 8. Yanggongju as an allegory of the nation : images of working-class women in popular and radical texts / Hyun Sook Kim -- 9. Working women and the ontology of the collective subject : (post)coloniality and the representation of female subjectivities in Hyon Ki-yong's paramt'anun som (Island in the Wind) you-me park -- 10. Mother load / photo essay by Yong Soon Min -- 11. Ideals of liberation : Korean women in Manchuria / Hyun Ok Park -- 12. Re-membering home / Hyun Yi Kang -- 13. A peculiar sensation : a personal genealogy of Korean American women's cinema / Helen Lee -- 14. Contributors' notes.
=506  \\$aLicense restrictions may limit access.
=506  \\$aSubscription required for access to full text.
=530  \\$aAlso available in print format.
=533  \\$aElectronic reproduction.$b[London, Eng. :$bTaylor and Francis,$d2012].$nPDF file created from digital scan of print book.
=650  \0$aKorean American women$xSocial conditions.
=650  \0$aSex role$zKorea$xHistory.
=650  \0$aWomen$zKorea (South)$xSocial conditions.
=650  \0$aWomen$zKorea$xHistory.
=651  \0$aKorea$xCivilization.
=655  \7$aElectronic books.$2lcsh
=700  1\$aChoi, Chungmoo.
=700  1\$aKim, Elaine H.
=776  08$iPrint version: $z9780415915052$q(Hardback)
=793  0\$aTaylor & Francis online monographs (UCSD)
=856 40$zTaylor & Francis. Restricted to UCSD IP addresses.$uhttps://www.taylorfrancis.com/books/9781136047985

