=LDR  02288cam a2200505Ii 4500
=001  TF9781315717258
=003  FlBoTFG
=005  20180331111825.0
=006  m\\\\\o\\d\\\\\\\\
=007  cr\\\\\\\\\\\\
=008  180331s2016\\\\enkab\\\ob\\\\001\0\eng\d
=020  \\$a9781317509448 (e-book: PDF)$q(e-book : PDF)
=020  \\$z9781317509448$q(e-book: PDF)
=020  \\$z9781317509431$q(e-book: ePub)
=020  \\$z9781317509424$q(e-book: Mobi)
=020  \\$z9781138859425$q(hardback)
=020  \\$z9781138859432$q(paperback)
=020  \\$a9781315717258 (e-book)
=020  \\$a9781317509424 (e-book: Mobi)
=020  \\$a9781317509431 (e-book: ePub)
=020  \\$a9781138859425 (hardback)
=020  \\$a9781138859432 (paperback)
=024  7\$a10.4324/9781315717258 $2doi
=035  \\$a(OCoLC)951551880
=040  \\$aFlBoTFG$cFlBoTFG$erda$beng
=043  \\$aae-----
=050  \4$aHC460.5$b.D45 2016
=082  04$a337.15$bD414
=100  1\$aDent, Christopher M.,$d1965-,$eauthor.
=245  10$aEast Asian regionalism /$cChristopher M. Dent.
=250  \\$aSecond edition.
=264  \1$aLondon ;$aNew York :$bRoutledge,$c©2016.
=300  \\$a1 online resource (xvi, 320 pages) :$billustrations, text file, PDF
=336  \\$atext$2rdacontent
=337  \\$acomputer$2rdamedia
=338  \\$aonline resource$2rdacarrier
=500  \\$aRevised edition of the author's East Asian regionalism, 2008.
=504  \\$aIncludes bibliographical references and index.
=505  0\$a1. East Asia and regionalism : an introduction -- 2. East Asia's regionalisation and new economic geography -- 3. Regionalism in Southeast Asia and Northeast Asia -- 4. East Asia and Asia-Pacific : trans-regionalism -- 5. Finance, money and East Asian regionalism -- 6. Trade diplomacy and East Asian regionalism -- 7. Energy and environmental security -- 8. Regionalism : a conceptual framework of analysis.
=530  \\$aAlso available in print format.
=650  \0$aRegionalism$zEast Asia.
=651  \0$aEast Asia$xEconomic policy.
=655  \7$aElectronic books.$2lcsh
=776  08$iPrint version: $z9781138859425$q(Hardback)$w(DLC) 2015045914
=793  0\$aTaylor & Francis online monographs (UCSD)
=856 40$zTaylor & Francis. Restricted to UCSD IP addresses.$uhttps://www.taylorfrancis.com/books/9781317509448

