=LDR  02233cam a2200553Ii 4500
=001  TF9781315660103
=003  FlBoTFG
=005  20180331111825.0
=006  m\\\\\o\\d\\\\\\\\
=007  cr\\\\\\\\\\\\
=008  180331s2017\\\\enk\\\\\ob\\\\001\0\eng\d
=020  \\$a9781317336051 (e-book: PDF)$q(e-book : PDF)
=020  \\$z9781317336051$q(e-book: PDF)
=020  \\$z9781317336044$q(e-book: ePub)
=020  \\$z9781317336037$q(e-book: Mobi)
=020  \\$z9781138960909$q(hardback)
=020  \\$z9781138495203$q(paperback)
=020  \\$a9781315660103 (e-book)
=020  \\$a9781317336037 (e-book: Mobi)
=020  \\$a9781317336044 (e-book: ePub)
=020  \\$a9781138960909 (hardback)
=020  \\$a9781138495203 (paperback)
=024  7\$a10.4324/9781315660103 $2doi
=035  \\$a(OCoLC)954617505
=040  \\$aFlBoTFG$cFlBoTFG$erda$beng
=043  \\$ae-gx---
=050  \4$aDD290.29$b.G467 2017
=082  04$a943.0878$bG373
=245  00$aGerman reunification :$ba multinational history /$cedited by Frederic Bozo, Andreas Rodder and Mary Elise Sarotte.
=264  \1$aLondon ;$aNew York :$bRoutledge,$c©2017.
=300  \\$a1 online resource (viii, 234 pages) :$btext file, PDF
=336  \\$atext$2rdacontent
=337  \\$acomputer$2rdamedia
=338  \\$aonline resource$2rdacarrier
=490  1\$aCold War history
=504  \\$aIncludes bibliographical references and index.
=505  0\$apt. 1. The two Germanies and unification -- pt. 2. Superpowers react -- pt. 3. Western Europe reacts -- pt. 4. Central and Eastern Europe react.
=530  \\$aAlso available in print format.
=650  \0$aCold War.
=650  \0$aGerman reunification question (1949-1990)$xPublic opinion, Foreign.
=651  \0$aGermany$xForeign relations$y1945-
=651  \0$aGermany$xHistory$yUnification, 1990.
=655  \7$aElectronic books.$2lcsh
=700  1\$aBozo, Frederic.
=700  1\$aRodder, Andreas,$d1967-
=700  1\$aSarotte, M. E.
=776  08$iPrint version: $z9781138960909(Hardback)$w 2016009932
=793  0\$aTaylor & Francis online monographs (UCSD)
=830  \0$aCold War history series (London, England)
=856 40$zTaylor & Francis. Restricted to UCSD IP addresses.$uhttps://www.taylorfrancis.com/books/9781317336051

