=LDR  02804cam a2200565Ii 4500
=001  TF9781315724614
=003  FlBoTFG
=005  20180331111825.0
=006  m\\\\\o\\d\\\\\\\\
=007  cr\\\\\\\\\\\\
=008  180331s2016\\\\nyu\\\\\ob\\\\001\0deng\d
=020  \\$a9781317531487 (e-book: PDF)$q(e-book : PDF)
=020  \\$z9781317531487$q(e-book: PDF)
=020  \\$z9781317531470$q(e-book: ePub)
=020  \\$z9781317531463$q(e-book: Mobi)
=020  \\$z9781138850613$q(hardback)
=020  \\$z9780815370390$q(paperback)
=020  \\$a9781315724614 (e-book)
=020  \\$a9781317531463 (e-book: Mobi)
=020  \\$a9781317531470 (e-book: ePub)
=020  \\$a9781138850613 (hardback)
=020  \\$a9780815370390 (paperback)
=024  7\$a10.4324/9781315724614 $2doi
=035  \\$a(OCoLC)922965926
=040  \\$aFlBoTFG$cFlBoTFG$erda$beng
=050  \4$aHX39.5$b.B374 2016
=082  04$a335.4$bM392
=245  00$aMarxism, religion and ideology :$bthemes from David McLellan /$cedited by David Bates, Iain MacKenzie and Sean Sayers.
=264  \1$aNew York :$bRoutledge,$c©2016.
=300  \\$a1 online resource (xv, 174 pages) :$btext file, PDF
=336  \\$atext$2rdacontent
=337  \\$acomputer$2rdamedia
=338  \\$aonline resource$2rdacarrier
=490  1\$aRoutledge studies in social and political thought ;$v104
=504  \\$aIncludes bibliographical references and index.
=505  0\$a1. McLellan, Marx and method / David Bates -- 2. McLellan's Marx : interpreting thought, changing life / Terrell Carver -- 3. The concept of alienation and the development of Marx's thought / Sean Sayers -- 4. David McLellan and continuity in Marx / Mark Cowling -- 5. Marx's confrontation with free market dogma : the latent moral argument in Capital / Lawrence Wilde -- 6. Where Marxist humanism went wrong / Alistair McLeish -- 7. Beyond the narrow horizon of bourgeois right / Bhikhu Parekh -- 8. Rush rhees on Simone Weil / Rowan Williams -- 9. Marx and atheism / Charles Devellennes -- 10. Ideology, ideologies and ideologues / Iain MacKenzie -- 11. Replies and concluding remarks / David McLellan.
=530  \\$aAlso available in print format.
=600  10$aMarx, Karl,$d1818-1883.
=600  10$aMcLellan, David.
=650  \0$aCommunism and religion.
=650  \0$aCommunism.
=650  \0$aIdeology.
=655  \7$aElectronic books.$2lcsh
=700  1\$aBates, David,$d1972-
=700  1\$aMackenzie, Iain M.
=700  1\$aMcLellan, David.
=700  1\$aSayers, Sean.
=776  08$iPrint version: $z9781138850613$q(Hardback)$w(DLC) 2015018411
=793  0\$aTaylor & Francis online monographs (UCSD)
=830  \0$aRoutledge studies in social and political thought ;$v104.
=856 40$zTaylor & Francis. Restricted to UCSD IP addresses.$uhttps://www.taylorfrancis.com/books/9781317531487

