=LDR  02146cam a2200517Ii 4500
=001  TF9781315575407
=003  FlBoTFG
=005  20180330125217.0
=006  m\\\\\o\\d\\\\\\\\
=007  cr\\\\\\\\\\\\
=008  180331s2017\\\\enkad\\\ob\\\\001\0\eng\d
=020  \\$a9781317156130 (e-book: PDF)$q(e-book : PDF)
=020  \\$z9781317156130$q(e-book: PDF)
=020  \\$z9781317156116$q(e-book: Mobi)
=020  \\$z9781472471833$q(hardback)
=020  \\$a9781315575407 (e-book)
=020  \\$a9781317156116 (e-book: Mobi)
=020  \\$a9781472471833 (hardback)
=024  7\$a10.4324/9781315575407 $2doi
=035  \\$a(OCoLC)971613615
=040  \\$aFlBoTFG$cFlBoTFG$erda$beng
=043  \\$as-bl---
=050  \4$aUA619$b.C85 2017
=082  04$a355.033581$bC968
=245  00$aCulture and defence in Brazil :$ban inside look at Brazil's aerospace strategies /$cedited by Maria Filomena Fontes Ricco.
=246  3\$aCulture and defense in Brazil
=264  \1$aAbingdon, Oxon ;$aNew York, N.Y. :$bRoutledge,$c©2017.
=300  \\$a1 online resource (xxx, 191 pages) :$billustrations, text file, PDF
=336  \\$atext$btxt$2rdacontent
=337  \\$acomputer$bc$2rdamedia
=338  \\$aonline resource$bcr$2rdacarrier
=490  1\$aMilitary strategy and operational art
=504  \\$aIncludes bibliographical references and index.
=505  0\$apt. 1. Brazilian defence policy and strategy -- pt. 2. Aspects of professional military education.
=530  \\$aAlso available in print format.
=650  \0$aAerospace industries$xGovernment policy$zBrazil.
=650  \0$aAerospace industries$xMilitary aspects$zBrazil.
=650  \0$aAir defenses$zBrazil.
=650  \0$aMilitary education$zBrazil.
=650  \0$aNational security$zBrazil.
=651  \0$aBrazil$xMilitary policy.
=655  \7$aElectronic books.$2lcsh
=700  1\$aRicco, Maria Filomena Fontes.
=776  08$iPrint version: $z9781472471833(Hardback)$w 2016037538
=793  0\$aTaylor & Francis online monographs (UCSD)
=830  \0$aMilitary strategy and operational art.
=856 40$zTaylor & Francis. Restricted to UCSD IP addresses.$uhttps://www.taylorfrancis.com/books/9781317156130

