=LDR  03134cam a2200457Ii 4500
=001  TF9781315567297
=003  FlBoTFG
=005  20180330125217.0
=006  m\\\\\o\\d\\\\\\\\
=007  cr\\\\\\\\\\\\
=008  180331s2017\\\\nyu\\\\\ob\\\\001\0\eng\d
=020  \\$a9781317180463 (e-book: PDF)$q(e-book : PDF)
=020  \\$z9781317180463$q(e-book: PDF)
=020  \\$z9781317180449$q(e-book: Mobi)
=020  \\$z9781409466758$q(hardback)
=020  \\$a9781315567297 (e-book)
=020  \\$a9781317180449 (e-book: Mobi)
=020  \\$a9781409466758 (hardback)
=024  7\$a10.4324/9781315567297 $2doi
=035  \\$a(OCoLC)962306117
=040  \\$aFlBoTFG$cFlBoTFG$erda$beng
=050  \4$aQL89$b.A58 2017
=082  04$a001.944$bA628
=245  00$aAnthropology and cryptozoology :$bresearching encounters with mysterious creatures /$cedited by Samantha Hurn.
=264  \1$aNew York, N.Y. :$bRoutledge,$c©2017.
=300  \\$a1 online resource (xvi, 245 pages) :$btext file, PDF
=336  \\$atext$btxt$2rdacontent
=337  \\$acomputer$bc$2rdamedia
=338  \\$aonline resource$bcr$2rdacarrier
=490  1\$aMultispecies encounters
=504  \\$aIncludes bibliographical references and index.
=505  0\$a1. The place of cryptids in taxonomic debates / Stephanie S. Turner -- 2. Cryptids, classification and categories of cats : an ethnozoological study of unidentified felids from eastern Indoneasia / Gregory Forth -- 3. Cryptid and credulity : the Zanzibar leopard and other imaginary beings / Martin T. Walsh and Helle V. Goldman -- 4. The Naga tiger-man and the modifern assemblage of a myth / Michael Heneise -- 5. Human predation and animal sociality : the transformational agency of 'wolf people' in Mongolia / Mette M. High -- 6. Enigmatic bush dwarfs of West Africa : the case of the siyawesi of northwestern Benin / Sharon Merz -- 7. Suspending disbelief and experienceing the extraordinary : how radical participation may facilitate an undiferstanding of aquatic snakes and fish-tailed beings in southern Africa / Penelope Bernard -- 8. Mermaids in Brazil : the (ongoing) creolisation of the water goddesses Oxum and Iemanja / Bettina E. Schmidt -- 9. Ganka : trickster or endangered species? An anthropologist's role in preventing the extinction of the New Jersey sea monster / Tanya J. King -- 10. Far from the madding crowd : big cats on Dartmoor and in Dorset, UK / Adrian Franklin -- 11. Land of beasts and dragons : contemporary myth-making in rural Wales / Samantha Hurn -- 12. Digesting 'cryptid' snakes : a phenomenological approach to the mythic and cosmogenetic properties of serpent hallucinations / Luci Attalla.
=530  \\$aAlso available in print format.
=650  \0$aAnthropology.
=650  \0$aCryptozoology.
=650  \0$aMonsters$xPsychological aspects.
=655  \7$aElectronic books.$2lcsh
=700  1\$aHurn, Samantha.
=776  08$iPrint version: $z9781409466758(Hardback)$w 2016020583
=793  0\$aTaylor & Francis online monographs (UCSD)
=830  \0$aMultispecies encounters.
=856 40$zTaylor & Francis. Restricted to UCSD IP addresses.$uhttps://www.taylorfrancis.com/books/9781317180463

