=LDR  02965cam a2200505Ii 4500
=001  TF9781315558486
=003  FlBoTFG
=005  20180331102445.0
=006  m\\\\\o\\d\\\\\\\\
=007  cr\\\\\\\\\\\\
=008  180331r20162016enk\\\\\ob\\\\001\0\eng\d
=020  \\$a9781317032779 (e-book: PDF)$q(e-book : PDF)
=020  \\$z9781317032779$q(e-book: PDF)
=020  \\$z9781317032755$q(e-book: Mobi)
=020  \\$z9781472427113$q(hardback)
=020  \\$a9781315558486 (e-book)
=020  \\$a9781317032755 (e-book: Mobi)
=020  \\$a9781472427113 (hardback)
=024  7\$a10.4324/9781315558486 $2doi
=035  \\$a(OCoLC)973034386
=040  \\$aFlBoTFG$cFlBoTFG$erda$beng
=043  \\$ae------
=050  \4$aBL65.W2$bE97 2016
=082  04$a201.7273094$bE893
=245  04$aThe European wars of religion :$ban interdisciplinary reassessment of sources, interpretations, and myths /$cedited by Wolfgang Palaver, Harriet Rudolph, Dietmar Regensburger.
=264  \1$aLondon :$bRoutledge,$c©2016.
=300  \\$a1 online resource :$btext file, PDF
=336  \\$atext$2rdacontent
=337  \\$acomputer$2rdamedia
=338  \\$aonline resource$2rdacarrier
=500  \\$aFirst published 2016 by Ashgate Publishing.
=504  \\$aIncludes bibliographical references and index.
=505  0\$apt. I. Historical approaches -- pt. II. Approaches from philosophy and theology.
=520  \\$a"In recent years religion has resurfaced amongst academics, in many ways replacing class as the key to understanding Europe's historical development. This has resulted in an explosion of studies revisiting issues of region, confessional violence and holy war during the early modern period. But the interpretation of the European wars of religion still remains constrained by national boundaries, tied into the process of state building as well as nation building. In order to untangle this complex web and more thoroughly interrogate these concepts and assumptions, this volume focusses on terms repeatedly used and misused in public debates such as 'religious violence' and 'holy warfare' within the context of military conflicts labelled 'religious wars'. The chapters not only focus on the role of religion, but also on the emerging state as a driver of the escalation of violence in the age of religious war"--$cProvided by publisher.
=530  \\$aAlso available in print format.
=538  \\$aMode of access: World Wide Web.
=650  \0$aReligion and politics$zEurope$xHistory.
=650  \0$aViolence$xReligious aspects$xChristianity.
=650  \0$aWar$xReligious aspects$xChristianity.
=655  \7$aElectronic books.$2lcsh
=700  1\$aPalaver, Wolfgang,$d1958-
=700  1\$aRegensburger, Dietmar.
=700  1\$aRudolph, Harriet.
=776  08$iPrint version: $z9781472427113(Hardback)$w 2015022651
=793  0\$aTaylor & Francis online monographs (UCSD)
=856 40$zTaylor & Francis. Restricted to UCSD IP addresses.$uhttps://www.taylorfrancis.com/books/9781317032779

