=LDR  03447cam a2200529Ii 4500
=001  TF9781315617886
=003  FlBoTFG
=005  20180331102445.0
=006  m\\\\\o\\d\\\\\\\\
=007  cr\\\\\\\\\\\\
=008  180331s2016\\\\enkad\\\ob\\\\001\0\eng\d
=020  \\$a9781317209294 (e-book: PDF)$q(e-book : PDF)
=020  \\$z9781317209294$q(e-book: PDF)
=020  \\$z9781317209287$q(e-book: ePub)
=020  \\$z9781317209270$q(e-book: Mobi)
=020  \\$z9781138669956$q(hardback)
=020  \\$z9780815355816$q(paperback)
=020  \\$a9781315617886 (e-book)
=020  \\$a9781317209270 (e-book: Mobi)
=020  \\$a9781317209287 (e-book: ePub)
=020  \\$a9781138669956 (hardback)
=020  \\$a9780815355816 (paperback)
=024  7\$a10.4324/9781315617886 $2doi
=035  \\$a(OCoLC)951068391
=040  \\$aFlBoTFG$cFlBoTFG$erda$beng
=043  \\$aa-cc---
=050  \4$aTD883.7.C6$bD45 2016
=082  04$a363.73920951$bD337
=100  1\$aDelang, Claudio O.,$eauthor.
=245  10$aChina's air pollution problems /$cClaudio O. Delang.
=264  \1$aLondon ;$aNew York :$bRoutledge,$c©2016.
=300  \\$a1 online resource (vi, 182  pages) :$billustrations, text file, PDF
=336  \\$atext$2rdacontent
=337  \\$acomputer$2rdamedia
=338  \\$aonline resource$2rdacarrier
=490  0\$aRoutledge focus
=504  \\$aIncludes bibliographical references and index.
=505  0\$a1. Introduction -- 2. The amount of air pollution -- 3. The sources of air pollution -- 4. The impact of air pollution -- 5. The reaction to high levels of air pollution -- 6. Solutions -- 7. Conclusions.
=520  \\$a"China's rapid industrialisation has led to "an air pollution catastrophe". Concerted efforts to achieve economic growth have led to veiled skies of toxic air and created health and morbidity problems as well as tremendous environmental degradation. China's Air Pollution Problems provides an overview of air pollution in China describing how and why China has ended up in such a dire situation, what the government is doing to address the problem and the difficulties it is encountering in attempting to reduce the pollution. The analysis is based on both grey literature (newspaper articles, NGO reports, Chinese government information) and on academic studies. The grey literature gives a voice to those who suffer from the pollution, their advocates, and government officers, and allows the reader to better grasp the conditions on the ground, and the impact of air pollution among people in different areas in China. The academic literature adds a theoretical perspective and brings these different case studies into a broader context. This book will be of great interest to students of environmental pollution and contemporary Chinese studies looking for an introduction to the topic and also for researchers looking for an extensive list of sources and analysis of China's environmental problems."--$cProvided by publisher.
=530  \\$aAlso available in print format.
=538  \\$aMode of access: World Wide Web.
=650  \0$aAir$xPollution$zChina.
=650  \0$aEnvironmental policy$zChina.
=651  \0$aChina$xEnvironmental conditions.
=655  \7$aElectronic books.$2lcsh
=776  08$iPrint version: $z9781138669956(Hardback)$w 2016003277
=793  0\$aTaylor & Francis online monographs (UCSD)
=856 40$zTaylor & Francis. Restricted to UCSD IP addresses.$uhttps://www.taylorfrancis.com/books/9781317209294

