=LDR  03662cam a2200481Ii 4500
=001  TF9781315779058
=003  FlBoTFG
=005  20180331111825.0
=006  m\\\\\o\\d\\\\\\\\
=007  cr\\\\\\\\\\\\
=008  180331s2016\\\\enka\\\\ob\\\\001\0\eng\d
=020  \\$a9781317698326 (e-book: PDF)$q(e-book : PDF)
=020  \\$z9781317698326$q(e-book: PDF)
=020  \\$z9781317698319$q(e-book: ePub)
=020  \\$z9781317698302$q(e-book: Mobi)
=020  \\$z9780415732444$q(hardback)
=020  \\$z9780415732468$q(paperback)
=020  \\$a9781315779058 (e-book)
=020  \\$a9781317698302 (e-book: Mobi)
=020  \\$a9781317698319 (e-book: ePub)
=020  \\$a9780415732444 (hardback)
=020  \\$a9780415732468 (paperback)
=024  7\$a10.4324/9781315779058 $2doi
=035  \\$a(OCoLC)958101599
=040  \\$aFlBoTFG$cFlBoTFG$erda$beng
=050  \4$aPN212$b.U84 2016
=082  04$a808.036$bU897
=100  1\$aUtell, Janine,$d1975-,$eauthor.
=245  10$aEngagements with narrative /$cJanine Utell.
=264  \1$aAbingdon, Oxon ;$aNew York, N.Y. :$bRoutledge,$c©2016.
=300  \\$a1 online resource (x, 172 pages) :$billustrations, text file, PDF
=336  \\$atext$2rdacontent
=337  \\$acomputer$2rdamedia
=338  \\$aonline resource$2rdacarrier
=490  0\$aRoutledge engagements with literature
=504  \\$aIncludes bibliographical references and index.
=505  0\$aIntroduction: How to do things with narrative -- 1. Story parts and purpose -- 2. The reader in the (story) world -- 3. Stories beyond the page, stories on the screen -- 4. Narrative, ethics, and empathy -- Index.
=520  \\$a"Balancing key foundational topics with new developments and trends, Engagements with Narrative offers an accessible introduction to narratology. As new narrative forms and media emerge, the study of narrative and the ways people communicate through imagination, empathy, and storytelling is especially relevant for students of literature today. Janine Utell presents the foundational texts, key concepts, and big ideas that form narrative theory and practical criticism, engaging readers in the study of stories by telling the story of a field and its development. Distinct features designed to initiate dialogue and debate include: - Coverage of philosophical and historical contexts surrounding the study of narrative - An introduction to essential thinkers along with the tools to both use and interrogate their work - A survey of the most up-to-date currents, including mind theory and postmodern ethics, to stimulate conversations about how we read fiction, life writing, film, and digital media from a variety of perspectives. - A selection of narrative texts, chosen to demonstrate critical practice and spark further reading and research - "Engagement" sections to encourage students to engage with narrative theory and practice through interviews with scholars This guide teaches the key concepts of narrative--time, space, character, perspective, setting--while facilitating conversations among different approaches and media, and opening paths to new inquiry. Engagements with Narrative is ideal for readers needing an introduction to the field, as well as for those seeking insight into both its historical developments and new directions"--$cProvided by publisher.
=530  \\$aAlso available in print format.
=650  \0$aNarration (Rhetoric)
=655  \7$aElectronic books.$2lcsh
=776  08$iPrint version: $z9780415732444$q(Hardback)$w(DLC) 2015015911
=793  0\$aTaylor & Francis online monographs (UCSD)
=856 40$zTaylor & Francis. Restricted to UCSD IP addresses.$uhttps://www.taylorfrancis.com/books/9781317698326

