=LDR  03877cam a2200469Ii 4500
=001  TF9781136218057
=003  FlBoTFG
=005  20180331111825.0
=006  m\\\\\o\\d\\\\\\\\
=007  cr\\\\\\\\\\\\
=008  180331s2012\\\\enka\\\\ob\\\\001\0\eng\d
=020  \\$a9781136218057$q(e-book: PDF)
=020  \\$z9780203096413$q(e-book : PDF)
=020  \\$z9781138130807$q(hardback)
=020  \\$z9780415538572$q(paperback)
=020  \\$z9781136218040$q(e-book: ePub)
=020  \\$z9781136218002$q(e-book: Mobi)
=020  \\$a9780203096413 (e-book)
=020  \\$a9781136218002 (e-book: Mobi)
=020  \\$a9781136218040 (e-book: ePub)
=020  \\$a9781138130807 (hardback)
=020  \\$a9780415538572 (paperback)
=035  \\$a(OCoLC)819378933
=040  \\$aFlBoTFG$cFlBoTFG$erda$beng
=050  \4$aBC199.P2$bC57 2012
=082  04$a165$bC594
=100  1\$aClark, Michael,$d1940-,$eauthor.
=245  10$aParadoxes from A to Z /$cMichael Clark.
=250  \\$aThird edition.
=264  \1$aLondon ;$aNew York :$bRoutledge,$c©2012.
=300  \\$a1 online resource (xiii, 276 pages) :$billustrations, text file, PDF
=336  \\$atext$2rdacontent
=337  \\$acomputer$2rdamedia
=338  \\$aonline resource$2rdacarrier
=504  \\$aIncludes bibliographical references and index.
=505  0\$aAchilles and the tortoise -- Allais' paradox -- The paradox of analysis -- The arrow -- The barber shop paradox -- Berry's paradox -- Bertrand's box paradox -- Bertrand's (chord) paradox -- The paradox of blackmail -- The bridge -- Buridan's ass -- The cable guy paradox -- Cantor's paradox -- The paradox of the charitable trust -- The chicken and the egg -- Curry's paradox -- The paradox of democracy -- The designated student -- The paradox of deterrence -- The Dr Psycho paradox -- The eclipse paradox -- The paradox of entailment -- The paradox of fiction -- The paradox of foreknowledge -- The paradox of future generations -- Galileo's paradox -- The gentle murder paradox -- The paradox of the gods -- Grue (Goodman's 'New riddle of induction') -- The heap -- Heraclitus' paradox -- Heterological -- Hilbert's hotel -- The indy paradox -- The paradox of inference -- The paradox of interesting numbers -- The paradox of jurisdiction -- The paradox of knowability -- The knower -- The lawyer -- The liar -- The lottery -- Lycan's paradox -- The paradox of the many -- The Monty Hall paradox -- Moore's paradox -- Moral luck -- The paradox of the muddy children -- Murder -- Newcomb's problem -- The numbered balls -- The paradox of omniscience -- Paradox -- The Parrondo paradox -- The Pasedena paradox -- Pascal's wager -- The placebo paradox -- The paradox of plurality -- The poison hypothetical -- The prediction paradox -- The preface -- The paradox of preference -- Prisoner's dilemma -- The prosecutor's fallacy -- The paradox of the question -- Quinn's paradox -- The racecourse -- The rakehell -- The paradox of the ravens -- The red taxi paradox -- Richard's paradox -- Russell's paradox -- The St Petersburg paradox -- The self-amendment paradox -- Self-deception -- Self-fulfilling belief -- The ship of Theseus -- Simpson's paradox -- The sleeping beauty -- The paradox of soundness -- The spaceship -- The toxin paradox -- The paradox of tragedy -- The Tristram Shandy -- The Trojan fly -- The trolley problem -- The two-envelope paradox -- The unexpected examination -- The paradox of validity -- The paradox of voting -- Wang's paradox -- The xenophobic paradox -- Yablo's paradox -- Zeno's paradoxes.
=530  \\$aAlso available in print format.
=650  \0$aParadox.
=650  \0$aParadoxes.
=655  \7$aElectronic books.$2lcsh
=776  08$iPrint version: $z9781138130807(Hardback)
=793  0\$aTaylor & Francis online monographs (UCSD)
=856 40$zTaylor & Francis. Restricted to UCSD IP addresses.$uhttps://www.taylorfrancis.com/books/9781136218057

