=LDR  02711cam a2200541Ii 4500
=001  TF9781135021832
=003  FlBoTFG
=005  20180331111825.0
=006  m\\\\\o\\d\\\\\\\\
=007  cr\\\\\\\\\\\\
=008  180331s2016\\\\nyu\\\\\ob\\\\001\0\eng\d
=020  \\$a9781135021832$q(e-book: PDF)
=020  \\$z9780203767023$q(e-book : PDF)
=020  \\$z9780415840705$q(paperback)
=020  \\$z9780415840682$q(hardback)
=020  \\$z9781135021825$q(e-book: ePub)
=020  \\$z9781135021818$q(e-book: Mobi)
=020  \\$a9780203767023 (e-book)
=020  \\$a9781135021818 (e-book: Mobi)
=020  \\$a9781135021825 (e-book: ePub)
=020  \\$a9780415840682 (hardback)
=020  \\$a9780415840705 (paperback)
=024  7\$a10.4324/9780203767023 $2doi
=035  \\$a(OCoLC)946887306
=040  \\$aFlBoTFG$cFlBoTFG$erda$beng
=043  \\$acl-----
=050  \4$aJL969.A45$bC36 2016
=082  04$a320.52098$bC226
=100  1\$aCannon, Barry.,$eauthor.
=245  14$aThe right in Latin America :$belite power, hegemony and the struggle for the state /$cBarry Cannon.
=264  \1$aNew York :$bRoutledge,$c©2016.
=300  \\$a1 online resource (xv, 179 pages) :$btext file, PDF
=336  \\$atext$2rdacontent
=337  \\$acomputer$2rdamedia
=338  \\$aonline resource$2rdacarrier
=504  \\$aIncludes bibliographical references (p. [159]-174) and index.
=505  0\$a1. Introduction : the right in Latin America : elite power, hegemony and the struggle for the state -- 2. Understanding the Latin American right : powerful elites and weak states -- 3. Right-wing policy discourse in left-led Latin America -- 4. Neoliberalism in power : right-oriented state/society complexes in Chile, Colombia, Mexico and Peru -- 5. The shifting sands of power in "pink tide" Latin America : post-neoliberalism and the threat from the left -- 6. Coups, "smart coups" and elections : right power strategies under left-led governments -- 7. Conclusion : right strategies and left responses.
=530  \\$aAlso available in print format.
=650  \0$aConservatism$zLatin America.
=650  \0$aElite (Social sciences)$xPolitical activity$zLatin America.
=650  \0$aNeoliberalism$zLatin America.
=650  \0$aPolitical culture$zLatin America.
=650  \0$aPower (Social sciences)$zLatin America.
=650  \0$aRight and left (Political science)$zLatin America.
=651  \0$aLatin America$xPolitics and government$y1980-
=655  \7$aElectronic books.$2lcsh
=776  08$iPrint version: $z9780415840682(Hardback)$w(DLC)  2015042491
=793  0\$aTaylor & Francis online monographs (UCSD)
=856 40$zTaylor & Francis. Restricted to UCSD IP addresses.$uhttps://www.taylorfrancis.com/books/9781135021832

