=LDR  02185cam a2200457Ii 4500
=001  TF9781315738055
=003  FlBoTFG
=005  20180331111825.0
=006  m\\\\\o\\d\\\\\\\\
=007  cr\\\\\\\\\\\\
=008  180331s2016\\\\enka\\\\ob\\\\001\0\eng\d
=020  \\$a9781317572541 (e-book: PDF)$q(e-book : PDF)
=020  \\$z9781317572541$q(e-book: PDF)
=020  \\$z9781317572534$q(e-book: ePub)
=020  \\$z9781317572527$q(e-book: Mobi)
=020  \\$z9780415836333$q(hardback)
=020  \\$z9780415836340$q(paperback)
=020  \\$a9781315738055 (e-book)
=020  \\$a9781317572527 (e-book: Mobi)
=020  \\$a9781317572534 (e-book: ePub)
=020  \\$a9780415836333 (hardback)
=020  \\$a9780415836340 (paperback)
=024  7\$a10.4324/9781315738055 $2doi
=035  \\$a(OCoLC)958108712
=040  \\$aFlBoTFG$cFlBoTFG$erda$beng
=050  \4$aRC489.A7$bH65 2016
=082  04$a616.891656$bH714
=100  1\$aHogan, Susan,$d1961-,$eauthor.
=245  10$aArt therapy theories :$ba critical introduction /$cSusan Hogan.
=264  \1$aLondon ;$aNew York :$bRoutledge,$c©2016.
=300  \\$a1 online resource (xiv, 167 pages) :$billustrations, text file, PDF
=336  \\$atext$2rdacontent
=337  \\$acomputer$2rdamedia
=338  \\$aonline resource$2rdacarrier
=504  \\$aIncludes bibliographical references (p. [153]-165) and index.
=505  0\$a1. Introduction -- 2. Cognitive behavioural art therapy -- 3. Psychoanalytical art psychotherapy -- 4. Analytical (Jungian) art therapy -- 5. Gestalt art therapy -- 6. Person-centred art therapy -- 7. Mindfulness art therapy -- 8. Integrative art therapy : the group-interactive art therapy model -- 9. Feminist approaches to art therapy -- 10. Social art therapy : art therapy as social action and art therapy as a research tool -- 11. A critical glossary of terms.
=530  \\$aAlso available in print format.
=650  \0$aArt therapy.
=655  \7$aElectronic books.$2lcsh
=776  08$iPrint version: $z9780415836333$q(Hardback)$w(DLC) 2015010681
=793  0\$aTaylor & Francis online monographs (UCSD)
=856 40$zTaylor & Francis. Restricted to UCSD IP addresses.$uhttps://www.taylorfrancis.com/books/9781317572541

