=LDR  02883cam a2200493Ii 4500
=001  TF9781315886114
=003  FlBoTFG
=005  20180331111825.0
=006  m\\\\\o\\d\\\\\\\\
=007  cr\\\\\\\\\\\\
=008  180331s2016\\\\nyu\\\\\ob\\\\001\0\eng\d
=020  \\$a9781134614417 (e-book: PDF)$q(e-book : PDF)
=020  \\$z9781134614417$q(e-book: PDF)
=020  \\$z9781134614486$q(e-book: ePub)
=020  \\$z9781134614554$q(e-book: Mobi)
=020  \\$z9780415704922$q(hardback)
=020  \\$z9780415704939$q(paperback)
=020  \\$a9781315886114 (e-book)
=020  \\$a9781134614554 (e-book: Mobi)
=020  \\$a9781134614486 (e-book: ePub)
=020  \\$a9780415704922 (hardback)
=020  \\$a9780415704939 (paperback)
=024  7\$a10.4324/9781315886114 $2doi
=035  \\$a(OCoLC)919431132
=040  \\$aFlBoTFG$cFlBoTFG$erda$beng
=050  \4$aRC480$b.T449 2016
=082  04$a616.8914$bT475
=100  1\$aThompson, Rosemary,$d1950-,$eauthor.
=245  10$aCounseling techniques :$bimproving relationships with others, ourselves, our families, and our environment /$cRosemary A. Thompson.
=250  \\$aThird edition.
=264  \1$aNew York :$bRoutledge,$c©2016.
=300  \\$a1 online resource (xii, 354 pages) :$btext file, PDF
=336  \\$atext$2rdacontent
=337  \\$acomputer$2rdamedia
=338  \\$aonline resource$2rdacarrier
=500  \\$aRevised edition of the author's Counseling techniques, 2003.
=504  \\$aIncludes bibliographical references (p. [325]-343) and index.
=505  0\$a1. Professionalism in counseling and psychotherapy -- 2. Client-therapist relationships : counseling intentions, interventions, and therapeutic factors -- 3. Eclectic techniques for group therapy -- 4. Classic gestalt techniques -- 5. Therapeutic expressive techniques : art therapy, dance/movement therapy, phototherapy, drama therapy, and music therapy -- 6. Cognitive-behavioral therapy, dialectical behavior therapy, and solution focused counseling -- 7. Rational emotive behavior therapy and reality therapy -- 8. Classic behavioral techniques -- 9. Person-centered techniques and psychoeducational counseling approaches -- 10. Improving relationships with our environments : conflict resolution and stress management techniques -- 11. Trauma, loss, grief, and post-traumatic stress debriefing strategies -- 12. Psychodynamic techniques -- 13. Eclectic techniques for use with family systems and family development -- 14. Play therapy techniques for children and adolescents.
=530  \\$aAlso available in print format.
=650  \0$aCounseling.
=650  \0$aPsychotherapy.
=655  \7$aElectronic books.$2lcsh
=776  08$iPrint version: $z9780415704922$q(Hardback)$w(DLC) 2015008345
=793  0\$aTaylor & Francis online monographs (UCSD)
=856 40$zTaylor & Francis. Restricted to UCSD IP addresses.$uhttps://www.taylorfrancis.com/books/9781134614417

