=LDR  01922cam a2200469Ii 4500
=001  TF9780203340769
=003  FlBoTFG
=005  20180331102445.0
=006  m\\\\\o\\d\\\\\\\\
=007  cr\\\\\\\\\\\\
=008  130331s2005\\\\enka\\\\ob\\\\001\0\eng\d
=020  \\$a9780203340769 (e-book : PDF)
=020  \\$a9780415114943 (paperback)
=020  \\$a9780415217613 (hardback)
=020  \\$a9781134821860 (e-book: Mobi)
=020  \\$a9781134821907 (e-book: ePub)
=020  \\$a9781134821914 (e-book: PDF)
=024  7\$a10.4324/9780203340769 $2doi
=035  \\$a(OCoLC)648144066
=040  \\$aFlBoTFG$cFlBoTFG$erda
=090  \\$aPL139$b.G65 2005
=092  \\$a494.3582421$bG616
=100  1\$aGoksel, Asli.,$eauthor.
=245  10$aTurkish :$ba comprehensive grammar /$cAsli Goksel and Celia Kerslake.
=264  \1$aLondon ;$aNew York :$bRoutledge,$c2005.
=300  \\$a1 online resource (510 pages) :$billustrations, text file, PDF
=336  \\$atext$2rdacontent
=337  \\$acomputer$2rdamedia
=338  \\$aonline resource$2rdacarrier
=490  1\$aRoutledge comprehensive grammars
=504  \\$aIncludes bibliographical references (p. [480]-483) and index.
=505  0\$apt. 1. Phonology : the sound system -- pt. 2. Morphology : the structure of words -- pt. 3. Syntax : the structure of sentences.
=506  \\$aLicense restrictions may limit access.
=506  \\$aSubscription required for access to full text.
=530  \\$aAlso available in print format.
=650  \0$aTurkish language$vGrammar.
=650  \0$aTurkish language$vTextbooks for foreign speakers$xEnglish.
=655  \7$aElectronic books.$2lcsh
=700  1\$aKerslake, Celia.
=776  08$iPrint version: $z9780415217613$q(Hardback)
=793  0\$aTaylor & Francis online monographs (UCSD)
=830  \0$aRoutledge comprehensive grammars.
=856 40$zTaylor & Francis. Restricted to UCSD IP addresses.$uhttps://www.taylorfrancis.com/books/9781134821914

