=LDR  02960cam a2200493Ii 4500
=001  TF9780203891308
=003  FlBoTFG
=005  20180331102445.0
=006  m\\\\\o\\d\\\\\\\\
=007  cr\\\\\\\\\\\\
=008  130331s2009\\\\enkab\\\ob\\\\001\0\eng\d
=010  \\$a 2008010331
=020  \\$a9780203891308 (e-book : PDF)
=020  \\$a9780415762212 (paperback)
=020  \\$a9780415775731 (hardback)
=020  \\$a9781135972622 (e-book: Mobi)
=020  \\$a9781135972660 (e-book: ePub)
=020  \\$a9781135972677 (e-book: PDF)
=024  7\$a10.4324/9780203891308 $2doi
=035  \\$a(OCoLC)318632679
=040  \\$aFlBoTFG$cFlBoTFG$erda
=090  \\$aG70$b.S685 2009
=092  \\$a910.01$bS738
=245  04$aThe spatial turn :$binterdisciplinary perspectives /$cedited by Barney Warf and Santa Arias.
=264  \1$aLondon ;$aNew York :$bRoutledge,$c2009.
=300  \\$a1 online resource (xiii, 232 pages) :$billustrations, text file, PDF
=336  \\$atext$2rdacontent
=337  \\$acomputer$2rdamedia
=338  \\$aonline resource$2rdacarrier
=490  1\$aRoutledge studies in human geography ;$v26
=504  \\$aIncludes bibliographical references (p. [207]-229) and index.
=505  0\$a1. Introduction : the reinsertion of space in the humanities and social sciences / Barney Warf, Santa Arias -- 2. Taking space personally / Edward W. Soja -- 3. Spacing movements : the turn to cartographies and mapping practices in contemporary social movements / Sebastian Cobarrubias, John Pickles -- 4. From surfaces to networks / Barney Warf -- 5. Geography, post-communism, and comparative politics / Jeffrey Kopstein -- 6. Retheorizing global space in sociology : towards a new kind of discipline / Harry F. Dahms -- 7. Sex and the modern city : English studies and the spatial turn / Pamela K. Gilbert -- 8. The geopolitics of historiography from Europe to the Americas / Santa Arias -- 9. "To see a world in a grain of sand" : space and place on an ethnographical journey in Colombia / Margarita Serje -- 10. Spatiality and religion / John Corrigan -- 11. The cultural production of space in colonial Latin America : from visualizing difference to the circulation of knowledge / Mariselle Melendez -- 12. Documentary as a space of intuition : Luis Bunuel's Land without bread / Joan Ramon Resina.
=506  \\$aLicense restrictions may limit access.
=506  \\$aSubscription required for access to full text.
=530  \\$aAlso available in print format.
=650  \0$aGeography$xPhilosophy.
=650  \0$aGeography$xSocial aspects.
=650  \0$aHuman geography.
=655  \7$aElectronic books.$2lcsh
=700  1\$aArias, Santa.
=700  1\$aWarf, Barney,$d1956-
=776  08$iPrint version: $z9780415775731$q(Hardback)
=793  0\$aTaylor & Francis online monographs (UCSD)
=830  \0$aRoutledge studies in human geography ;$v26.
=856 40$zTaylor & Francis. Restricted to UCSD IP addresses.$uhttps://www.taylorfrancis.com/books/9781135972677

