=LDR  03144cam a2200517Ii 4500
=001  TF9781315687735
=003  FlBoTFG
=005  20180331111825.0
=006  m\\\\\o\\d\\\\\\\\
=007  cr\\\\\\\\\\\\
=008  180331s2016\\\\enk\\\\\ob\\\\001\0\eng\d
=020  \\$a9781317419037 (e-book: PDF)$q(e-book : PDF)
=020  \\$z9781317419037$q(e-book: PDF)
=020  \\$z9781317419020$q(e-book: ePub)
=020  \\$z9781317419013$q(e-book: Mobi)
=020  \\$z9780415658768$q(hardback)
=020  \\$z9780815355090$q(paperback)
=020  \\$a9781315687735 (e-book)
=020  \\$a9781317419013 (e-book: Mobi)
=020  \\$a9781317419020 (e-book: ePub)
=020  \\$a9780415658768 (hardback)
=020  \\$a9780815355090 (paperback)
=024  7\$a10.4324/9781315687735 $2doi
=035  \\$a(OCoLC)937549908
=040  \\$aFlBoTFG$cFlBoTFG$erda$beng
=043  \\$ae-uk---$aa-cc---
=050  \4$aDA47.9.C6$bB75 2016
=082  04$a327.4105109034$bB862
=245  00$aBritain and China, 1840-1970 :$bempire, finance and war /$cedited by Robert Bickers and Jonathan J. Howlett.
=264  \1$aLondon ;$aNew York :$bRoutledge,$c©2016.
=300  \\$a1 online resource (xv, 250 pages) :$btext file, PDF
=336  \\$atext$2rdacontent
=337  \\$acomputer$2rdamedia
=338  \\$aonline resource$2rdacarrier
=490  1\$aRoutledge studies in the modern history of Asia ;$v108
=504  \\$aIncludes bibliographical references and index.
=505  0\$a1. 'The usual intercourse of nations' : the British in pre-Opium War Canton / John M. Carroll -- 2. British intervention in the Taiping Rebellion / Stephen R. Platt -- 3. Britain and China, and India, 1830s-1947 / Robert Bickers -- 4. The interest of our colonies seems to have been largely overlooked : colonial Australia and Anglo-Chinese relations / Benjamin Mountford -- 5. 'Coolies' or Huagong? : Conflicting British and Chinese attitudes towards Chinese contract workers in World War One France / Paul J. Bailey -- 6. Sino-British relations in railway construction : state, imperialism and local elites, 1905-1911 / Koji Hirata -- 7. Foreign investment in modern China : an analysis with a focus on British interests / Chen Qianping -- 8. Curative finance : Francis Aglen, bond markets, and the early republic, 1911-1928 / Hans van de Ven -- 9. Expansion and defence in the international settlement at Shanghai / Isabella Jackson -- 10. Nationalistic enthusiasm versus imperialist sophistication : Britain from Chiang Kai-Shek's perspective / Sherman Lai -- 11. 'Decolonisation' in China, 1949-1959 / Jonathan J. Howlett.
=530  \\$aAlso available in print format.
=651  \0$aChina$xForeign relations$zGreat Britain.
=651  \0$aGreat Britain$xForeign relations$zChina.
=655  \7$aElectronic books.$2lcsh
=700  1\$aBickers, Robert A.
=700  1\$aHowlett, Jonathan J.
=776  08$iPrint version: $z9780415658768(Hardback)$w 2015001896
=793  0\$aTaylor & Francis online monographs (UCSD)
=830  \0$aRoutledge studies in the modern history of Asia ;$v108.
=856 40$zTaylor & Francis. Restricted to UCSD IP addresses.$uhttps://www.taylorfrancis.com/books/9781317419037

