=LDR  02624cam a2200505Ii 4500
=001  TF9789279482601
=003  FlBoTFG
=005  20180331111825.0
=006  m\\\\\o\\d\\\\\\\\
=007  cr\\\\\\\\\\\\
=008  180331s2015\\\\enkbdf\\ob\\\\001\0\eng\d
=020  \\$a9781317338123 (e-book: PDF)$q(e-book : PDF)
=020  \\$z9781317338123$q(e-book: PDF)
=020  \\$z9781317338116$q(e-book: ePub)
=020  \\$z9781317338109$q(e-book: Mobi)
=020  \\$z9789279482632$q(hardback)
=020  \\$z9789279482618$q(paperback)
=020  \\$a9789279482601 (e-book)
=020  \\$a9781317338109 (e-book: Mobi)
=020  \\$a9781317338116 (e-book: ePub)
=020  \\$a9789279482632 (hardback)
=020  \\$a9789279482618 (paperback)
=024  7\$a10.4324/9789279482601 $2doi
=035  \\$a(OCoLC)958101997
=040  \\$aFlBoTFG$cFlBoTFG$erda$beng
=043  \\$ae------
=050  \4$aGE190.E85$bE818 2015
=082  04$a363.73874561094$bE86
=245  00$aEU climate policy explained /$cedited by Jos Delbeke and Peter Vis ; with Ger Klaassen, Jurgen Lefevere, Damien Meadows, Artur Runge-Metzger, Yvon Slingenberg, Stefaan Vergote, Jake Werksman and Peter Zapfel.
=246  3\$aEuropean Union climate policy explained
=264  \1$aAbingdon, Oxon ;$aNew York, N.Y. :$bRoutledge,$c©2015.
=300  \\$a1 online resource (xv, 136 pages) :$btext file, PDF
=336  \\$atext$2rdacontent
=337  \\$acomputer$2rdamedia
=338  \\$aonline resource$2rdacarrier
=504  \\$aIncludes bibliographical references and index.
=505  0\$aIntroduction / Jos Delbeke and Peter Vis -- EU's climate leadership in a rapidly changing world / Jos Delbeke and Peter Vis -- EU ETS : pricing carbon to drive cost-effective reductions across Europe / Damien Meadows, Yvon Slingenberg and Peter Zapfel -- Climate-related energy policies / Jos Delbeke, Ger Klaassen and Stefaan Vergote -- Framing Member States policies / Jos Delbeke and Ger Klaassen -- The EU and international climate change policy / Jurgen Lefevere, Artur Runge-Metzger and Jake Werksman -- Outlook / Jos Delbeke and Peter Vis.
=530  \\$aAlso available in print format.
=650  \0$aClimatic changes$xGovernment policy$zEuropean Union countries.
=650  \0$aEnvironmental policy$zEuropean Union countries.
=655  \7$aElectronic books.$2lcsh
=700  1\$aDelbeke, Jos,$eeditor...
=700  1\$aVis, Peter,$eeditor...
=776  08$iPrint version: $z9789279482632(Hardback)$w(DLC) 2015022069
=793  0\$aTaylor & Francis online monographs (UCSD)
=856 40$zTaylor & Francis. Restricted to UCSD IP addresses.$uhttps://www.taylorfrancis.com/books/9781317338123

