=LDR  02321cam a2200517Ii 4500
=001  TF9781315623399
=003  FlBoTFG
=005  20180331102445.0
=006  m\\\\\o\\d\\\\\\\\
=007  cr\\\\\\\\\\\\
=008  130331s2016\\\\enka\\\\ob\\\\001\0\eng\d
=020  \\$a9781317225881 (e-book: PDF)$q(e-book : PDF)
=020  \\$z9781317225881$q(e-book: PDF)
=020  \\$z9781317225874$q(e-book: ePub)
=020  \\$z9781317225867$q(e-book: Mobi)
=020  \\$z9780415683869$q(hardback)
=020  \\$z9780415683876$q(paperback)
=020  \\$a9781315623399 (e-book)
=020  \\$a9781317225867 (e-book: Mobi)
=020  \\$a9781317225874 (e-book: ePub)
=020  \\$a9780415683869 (hardback)
=020  \\$a9780415683876 (paperback)
=024  7\$a10.4324/9781315623399 $2doi
=035  \\$a(OCoLC)951551810
=040  \\$aFlBoTFG$cFlBoTFG$erda$beng
=050  \4$aJV6033$b.M38 2016
=082  04$a325$bM461
=100  1\$aMavroudi, Elizabeth.,$eauthor.
=245  10$aGlobal migration :$bpatterns, processes, and policies /$cElizabeth Mavroudi and Caroline Nagel.
=264  \1$aLondon ;$aNew York :$bRoutledge,$c©2016.
=300  \\$a1 online resource (xx, 242 pages) :$billustrations, text file, PDF
=336  \\$atext$2rdacontent
=337  \\$acomputer$2rdamedia
=338  \\$aonline resource$2rdacarrier
=500  \\$aTwo columns to the page.
=504  \\$aIncludes bibliographical references and index.
=505  0\$a1. Making sense of global migration -- 2. Global migration in historical perspective -- 3. Migrant labour in the economy -- 4. Migration and development -- 5. Refugees -- 6. Immigation control and border politics -- 7. The politics of citizenship and integration -- 8. Migrant identities, mobilizations, and place-making practices.
=530  \\$aAlso available in print format.
=650  \0$aEmigration and immigration$xEconomic aspects.
=650  \0$aEmigration and immigration$xGovernment policy.
=650  \0$aEmigration and immigration.
=650  \0$aImmigrants$xCultural assimilation.
=655  \7$aElectronic books.$2lcsh
=700  1\$aNagel, Caroline Rose.
=776  08$iPrint version: $z9780415683869(Hardback)$w 2015047341
=793  0\$aTaylor & Francis online monographs (UCSD)
=856 40$zTaylor & Francis. Restricted to UCSD IP addresses.$uhttps://www.taylorfrancis.com/books/9781317225881

