=LDR  02147cam a2200493Ii 4500
=001  TF9781315739175
=003  FlBoTFG
=005  20180331102445.0
=006  m\\\\\o\\d\\\\\\\\
=007  cr\\\\\\\\\\\\
=008  130331s2015\\\\enka\\\\ob\\\\001\0\eng\d
=020  \\$a9781317575931 (e-book: PDF)$q(e-book : PDF)
=020  \\$z9781317575931$q(e-book: PDF)
=020  \\$z9781317575924$q(e-book: ePub)
=020  \\$z9781317575917$q(e-book: Mobi)
=020  \\$z9780415617789$q(hardback)
=020  \\$z9781138594890$q(paperback)
=020  \\$a9781315739175 (e-book)
=020  \\$a9781317575917 (e-book: Mobi)
=020  \\$a9781317575924 (e-book: ePub)
=020  \\$a9780415617789 (hardback)
=020  \\$a9781138594890 (paperback)
=035  \\$a(OCoLC)958109823
=040  \\$aFlBoTFG$cFlBoTFG$erda$beng
=050  \4$aJF1081$b.R693 2015
=082  04$a364.1323$bR869
=245  00$aRoutledge handbook of political corruption /$cedited by Paul M. Heywood.
=246  30$aHandbook of political corruption
=264  \1$aLondon ;$aNew York :$bRoutledge,$c©2015.
=300  \\$a1 online resource (xiii, 366 pages) :$billustrations, text file, PDF
=336  \\$atext$2rdacontent
=337  \\$acomputer$2rdamedia
=338  \\$aonline resource$2rdacarrier
=490  1\$aRoutledge handbooks
=504  \\$aIncludes bibliographical references and index.
=505  0\$apt. 1. Understanding corruption -- pt. 2. Causes -- pt. 3. Measurement -- pt. 4. Consequences -- pt. 5. New directions.
=520  \\$a"This Handbook provides a showcase to the most innovative and exciting research being conducted in the field of political corruption, as well as providing a new point of reference for all who are interested in the topic"--$cProvided by publisher.
=530  \\$aAlso available in print format.
=650  \0$aPolitical corruption.
=655  \7$aElectronic books.$2lcsh
=700  1\$aHeywood, Paul.
=776  08$iPrint version: $z9780415617789$q(Hardback)
=793  0\$aTaylor & Francis online monographs (UCSD)
=830  \0$aRoutledge handbooks.
=856 40$zTaylor & Francis. Restricted to UCSD IP addresses.$uhttps://www.taylorfrancis.com/books/9781317575931

