=LDR  02077cam a2200493Ii 4500
=001  TF9781315558547
=003  FlBoTFG
=005  20180331111825.0
=006  m\\\\\o\\d\\\\\\\\
=007  cr\\\\\\\\\\\\
=008  180331s2017\\\\nyua\\\\ob\\\\001\0\eng\d
=020  \\$a9781317193777 (e-book: PDF)$q(e-book : PDF)
=020  \\$z9781317193777$q(e-book: PDF)
=020  \\$z9781317193838$q(e-book: Mobi)
=020  \\$z9781138671850$q(hardback)
=020  \\$a9781315558547 (e-book)
=020  \\$a9781317193838 (e-book: Mobi)
=020  \\$a9781138671850 (hardback)
=024  7\$a10.4324/9781315558547 $2doi
=035  \\$a(OCoLC)959272730
=040  \\$aFlBoTFG$cFlBoTFG$erda$beng
=043  \\$aa-cc---
=050  \4$aHT384.C6$bC66 2017
=082  04$a307.760951$bC748
=245  00$aConfronting the challenges of urbanization in China :$binsights from social science perspectives /$cedited by Zai Liang, Steven F. Messner, Youqin Huang, and Cheng Chen.
=264  \1$aNew York ;$aLondon :$bRoutledge, Taylor & Routledge,$c©2017.
=300  \\$a1 online resource (xi, 228 pages) :$billustrations, text file, PDF
=336  \\$atext$2rdacontent
=337  \\$acomputer$2rdamedia
=338  \\$aonline resource$2rdacarrier
=490  1\$aRoutledge Advances in Sociology ;$v184
=504  \\$aIncludes bibliographical references and index.
=505  0\$apt. I. New patterns of urbanization and challenges -- pt. II. Migrant adaptation in Chinese cities -- pt. III. Urban housing and health.
=530  \\$aAlso available in print format.
=650  \0$aCities and towns$xGrowth.
=650  \0$aHousing$zChina.
=650  \0$aMinority business enterprises$zChina.
=650  \0$aUrbanization$zChina.
=655  \7$aElectronic books.$2lcsh
=700  1\$aLiang, Zai.
=700  1\$aMessner, Steven F.,$d1951-
=776  08$iPrint version: $z9781138671850(Hardback)$w 2016009961
=793  0\$aTaylor & Francis online monographs (UCSD)
=830  \0$aRoutledge Advances in Sociology ;$v184.
=856 40$zTaylor & Francis. Restricted to UCSD IP addresses.$uhttps://www.taylorfrancis.com/books/9781317193777

