=LDR  03155cam a2200529Ii 4500
=001  TF9781315713489
=003  FlBoTFG
=005  20180331111825.0
=006  m\\\\\o\\d\\\\\\\\
=007  cr\\\\\\\\\\\\
=008  180331s2016\\\\enkad\\\ob\\\\001\0\eng\d
=020  \\$a9781317498148 (e-book: PDF)$q(e-book : PDF)
=020  \\$z9781317498148$q(e-book: PDF)
=020  \\$z9781317498131$q(e-book: ePub)
=020  \\$z9781317498124$q(e-book: Mobi)
=020  \\$z9781138888340$q(hardback)
=020  \\$z9781138299405$q(paperback)
=020  \\$a9781315713489 (e-book)
=020  \\$a9781317498124 (e-book: Mobi)
=020  \\$a9781317498131 (e-book: ePub)
=020  \\$a9781138888340 (hardback)
=020  \\$a9781138299405 (paperback)
=024  7\$a10.4324/9781315713489 $2doi
=035  \\$a(OCoLC)958107323
=040  \\$aFlBoTFG$cFlBoTFG$erda$beng
=043  \\$aaw-----
=050  \4$aHD9576.M52$bO363 2016
=082  04$a338.27280956$bO391
=245  00$aOil states in the new Middle East :$buprisings and stability /$cedited by Kjetil Selvik and Bj2rn Olav Utvik.
=264  \1$aAbingdon, Oxon ;$aNew York, NY :$bRoutledge,$c©2016.
=300  \\$a1 online resource (xi, 212 pages) :$billustrations, text file, PDF
=336  \\$atext$2rdacontent
=337  \\$acomputer$2rdamedia
=338  \\$aonline resource$2rdacarrier
=490  1\$aRoutledge studies in Middle Eastern democratization and government ;$v10
=504  \\$aIncludes bibliographical references and index.
=505  0\$ach. 1. Introduction : the rentier bargain at the trial of the Arab uprisings / Bjorn Olav Utvik -- ch. 2. Rethinking the politics of distributive states : lessons from the Arab uprisings / Gwenn Okruhlik -- ch. 3. Youth and the Arab revolution / Kjetil Bjorvatin and Jacob H2igilt -- ch. 4. Guest workers as a barrier to democratization in oil-rich countries / Halvor Mehlum, Kalle Moene and Gry Ostenstad -- ch. 5. Back to the Seventies? : Saudi youth and the kingdom's political economy after the Arab uprisings / Steffen Hertog -- ch. 6. Kuwait : the politics of crisis / Ghanim Alnajjar and Kjetil Selvik -- ch. 7. Bahrain : rentierism and beyond / Jane Kinninmont -- ch. 8. Iraq : can a fractured rentier state by rebuilt? / Robert Springborg -- ch. 9. Regime legitimation in Algeria after the Arab Spring : reclaiming ownership to "revolution" / Jenny Holmsen -- ch. 10. Libya : the dynamics of the 2011 revolution / Alison Pargeter -- ch. 11. On the economic causes of the Arab Spring and its possible developments / Giacomo Luciani.
=530  \\$aAlso available in print format.
=650  \0$aArab Spring, 2010-
=650  \0$aPetroleum industry and trade$zMiddle East.
=650  \0$aPetroleum$xEconomic aspects$zMiddle East.
=655  \7$aElectronic books.$2lcsh
=700  1\$aSelvik, Kjetil.
=700  1\$aUtvik, Bj2rn Olav.
=776  08$iPrint version: $z9781138888340$q(Hardback)$w(DLC) 2015001804
=793  0\$aTaylor & Francis online monographs (UCSD)
=830  \0$aRoutledge studies in Middle Eastern democratization and government ;$v10.
=856 40$zTaylor & Francis. Restricted to UCSD IP addresses.$uhttps://www.taylorfrancis.com/books/9781317498148

