=LDR  02021cam a2200517Ii 4500
=001  TF9781315840437
=003  FlBoTFG
=005  20180331111825.0
=006  m\\\\\o\\d\\\\\\\\
=007  cr\\\\\\\\\\\\
=008  180331r20132006enkabf\\ob\\\\001\0\eng\d
=020  \\$a9781317882862 (e-book: PDF)$q(e-book : PDF)
=020  \\$z9781317882862$q(e-book: PDF)
=020  \\$z9781317882855$q(e-book: ePub)
=020  \\$z9781317882848$q(e-book: Mobi)
=020  \\$z9781138131705$q(hardback)
=020  \\$z9780582317383$q(paperback)
=020  \\$a9781315840437 (e-book)
=020  \\$a9781317882848 (e-book: Mobi)
=020  \\$a9781317882855 (e-book: ePub)
=020  \\$a9781138131705 (hardback)
=020  \\$a9780582317383 (paperback)
=024  7\$a10.4324/9781315840437 $2doi
=035  \\$a(OCoLC)864744520
=040  \\$aFlBoTFG$cFlBoTFG$erda$beng
=043  \\$aa-ii---
=050  \4$aDS463$b.P44 2013
=082  04$a954.03$bP375
=100  1\$aPeers, Douglas M.,$eauthor.
=245  10$aIndia under colonial rule :$b1700-1885 /$cDouglas M. Peers.
=264  \1$aLondon ;$aNew York :$bRoutledge,$c©2013.
=300  \\$a1 online resource (xvi, 163 pages) :$billustrations, text file, PDF
=336  \\$atext$2rdacontent
=337  \\$acomputer$2rdamedia
=338  \\$aonline resource$2rdacarrier
=490  1\$aSeminar studies in history
=500  \\$a"First published 2006 by Pearson Education Limited"--T.p. verso.
=504  \\$aIncludes bibliographical references (p. 144-150) and index.
=505  0\$apt. 1. Introduction -- pt. 2. Analysis -- pt. 3. Assessment -- pt. 4. Documents.
=530  \\$aAlso available in print format.
=651  \0$aIndia$xHistory$y18th century.
=651  \0$aIndia$xHistory$y19th century.
=655  \7$aElectronic books.$2lcsh
=776  08$iPrint version: $z9781138131705$q(Hardback)
=793  0\$aTaylor & Francis online monographs (UCSD)
=830  \0$aSeminar studies in history.
=856 40$zTaylor & Francis. Restricted to UCSD IP addresses.$uhttps://www.taylorfrancis.com/books/9781317882862

