=LDR  02911cam a2200529Ii 4500
=001  TF9781315422732
=003  FlBoTFG
=005  20180330125217.0
=006  m\\\\\o\\d\\\\\\\\
=007  cr\\\\\\\\\\\\
=008  180331r20162014enkac\\\ob\\\\001\0\eng\d
=020  \\$a9781315422725 (e-book: PDF)$q(e-book : PDF)
=020  \\$z9781315422725$q(e-book: PDF)
=020  \\$z9781315422718$q(e-book: ePub)
=020  \\$z9781315422701$q(e-book: Mobi)
=020  \\$z9781611329919$q(hardback)
=020  \\$z9781611329926$q(paperback)
=020  \\$a9781315422732 (e-book)
=020  \\$a9781315422701 (e-book: Mobi)
=020  \\$a9781315422718 (e-book: ePub)
=020  \\$a9781611329919 (hardback)
=020  \\$a9781611329926 (paperback)
=024  7\$a10.4324/9781315422732 $2doi
=035  \\$a(OCoLC)956466515
=040  \\$aFlBoTFG$cFlBoTFG$erda$beng
=041  1\$aeng$hspa
=043  \\$as-pe---
=050  \4$aF3429$b.T3613 2016
=082  04$a985.01$bT169
=100  1\$aTantalean, Henry,$d1974-,$eauthor.
=245  10$aPeruvian archaeology :$ba critical history /$cHenry Tantalean ; translated by Charles Stanish.
=264  \1$aLondon :$bRoutledge,$c©2016.
=300  \\$a1 online resource (214 pages) :$billustrations, text file, PDF
=336  \\$atext$btxt$2rdacontent
=337  \\$acomputer$bc$2rdamedia
=338  \\$aonline resource$bcr$2rdacarrier
=500  \\$aFirst published 2014 by Left Coast Press, Inc.
=504  \\$aIncludes bibliographical references (p. 171-196) and index.
=505  0\$ach. 1. The beginnings of archaeology in Peru -- ch. 2. The foundation (Western) of Peruvian archaeology : Max Uhle and cultural evolutionism -- ch. 3. Archaeology and nationalism in the 1920s : Julio C. Tello and Peruvian culture -- ch. 4. Indigenismo in the ancient capital of the Incas : the Cusqueño Period of Luis Valcarcel -- ch. 5. North American influence in the 1940s : Rafael Larco Hoyle and the Viru Project -- ch. 6. New horizons in Peruvian archaeology : John H. Rowe and the Berkeley School -- ch. 7. Ethnohistory and archaeology in the 1960s : John Murra's influence in Peru -- ch. 8. Archaeology as social science : from Gordon Childe to Luis Lumbreras -- ch. 9. Processualist archaeology in Peru : emergence and development -- ch. 10. Archaeology in 1990s Peru : a view from Lima -- ch. 11. Peruvian archaeology at the beginning of the twenty-first century : boom and bust.
=530  \\$aAlso available in print format.
=650  \0$aArchaeological expeditions$zPeru$xHistory.
=650  \0$aArchaeology$zPeru$xHistory.
=650  \0$aExcavations (Archaeology)$zPeru$xHistory.
=655  \7$aElectronic books.$2lcsh
=700  1\$aStanish, Charles,$d1956-
=776  08$iPrint version: $z9781611329919(Hardback)$w 2013049787
=793  0\$aTaylor & Francis online monographs (UCSD)
=856 40$zTaylor & Francis. Restricted to UCSD IP addresses.$uhttps://www.taylorfrancis.com/books/9781315422725

