=LDR  02194cam a2200529Ii 4500
=001  TF9781315670799
=003  FlBoTFG
=005  20180331111825.0
=006  m\\\\\o\\d\\\\\\\\
=007  cr\\\\\\\\\\\\
=008  180331s2016\\\\enk\\\\\ob\\\\001\0\eng\d
=020  \\$a9781317368182 (e-book: PDF)$q(e-book : PDF)
=020  \\$z9781317368182$q(e-book: PDF)
=020  \\$z9781317368175$q(e-book: ePub)
=020  \\$z9781317368168$q(e-book: Mobi)
=020  \\$z9781138946514$q(hardback)
=020  \\$a9781315670799 (e-book)
=020  \\$a9781317368168 (e-book: Mobi)
=020  \\$a9781317368175 (e-book: ePub)
=020  \\$a9781138946514 (hardback)
=024  7\$a10.4324/9781315670799 $2doi
=035  \\$a(OCoLC)948774123
=040  \\$aFlBoTFG$cFlBoTFG$erda$beng
=050  \4$aRB155.65$b.H37 2016
=082  04$a362.19604207$bH313
=100  1\$aHarris, Anna$c(Medical anthropologist),$eauthor.
=245  10$aCybergenetics :$bhealth genetics and new media /$cAnna Harris, Susan Kelly and Sally Wyatt.
=246  3\$aCyber genetics
=264  \1$aLondon ;$aNew York :$bRoutledge,$c©2016.
=300  \\$a1 online resource (xvi, 157 pages) :$btext file, PDF
=336  \\$atext$2rdacontent
=337  \\$acomputer$2rdamedia
=338  \\$aonline resource$2rdacarrier
=490  1\$aGenetics and society (Series)
=504  \\$aIncludes bibliographical references and index.
=505  0\$a1. Introduction : cybergenetics -- 2. Users -- 3. Professionals -- 4. Participation -- 5. Controversy -- 6. Conclusion : cybergenetic futures.
=530  \\$aAlso available in print format.
=650  \0$aGenetic screening$xComputer network resources.
=650  \0$aGenetic screening$xSocial aspects.
=650  \0$aHuman chromosome abnormalities$xDiagnosis$xComputer network resources.
=650  \0$aInternet.
=655  \7$aElectronic books.$2lcsh
=700  1\$aKelly, Susan$q(Susan Elizabeth)
=700  1\$aWyatt, Sally,$d1959-
=776  08$iPrint version: $z9781138946514(Hardback)$w 2015040927
=793  0\$aTaylor & Francis online monographs (UCSD)
=830  \0$aGenetics and society (Series)
=856 40$zTaylor & Francis. Restricted to UCSD IP addresses.$uhttps://www.taylorfrancis.com/books/9781317368182

