=LDR  02422cam a2200517Ii 4500
=001  TF9781315617503
=003  FlBoTFG
=005  20180331102445.0
=006  m\\\\\o\\d\\\\\\\\
=007  cr\\\\\\\\\\\\
=008  180331s2017\\\\enka\\\\ob\\\\001\0\eng\d
=020  \\$a9781317208150 (e-book: PDF)$q(e-book : PDF)
=020  \\$z9781317208150$q(e-book: PDF)
=020  \\$z9781317208136$q(e-book: Mobi)
=020  \\$z9781138670679$q(hardback)
=020  \\$z9781138670686$q(paperback)
=020  \\$a9781315617503 (e-book)
=020  \\$a9781317208136 (e-book: Mobi)
=020  \\$a9781138670679 (hardback)
=020  \\$a9781138670686 (paperback)
=024  7\$a10.4324/9781315617503 $2doi
=035  \\$a(OCoLC)970693797
=040  \\$aFlBoTFG$cFlBoTFG$erda$beng
=050  \4$aLB1044.87$b.B83 2017
=082  04$a371.3344678$bB927
=100  1\$aBudhai, Stephanie Smith.,$eauthor.
=245  10$aBest practices in engaging online learners through active and experiential learning strategies /$cStephanie Smith Budhai and Ke'Anna Brown Skipwith.
=264  \1$aNew York ;$aLondon :$bRoutledge,$c©2017.
=300  \\$a1 online resource (xxv, 518  pages) :$billustrations, text file, PDF
=336  \\$atext$2rdacontent
=337  \\$acomputer$2rdamedia
=338  \\$aonline resource$2rdacarrier
=490  1\$aBest practices in online teaching and learning series
=504  \\$aIncludes bibliographical references and index.
=505  0\$a1. Engagement beyond the discussion board -- 2. Experiential learning (cooperative education, internships, practicums, service-learning, and study abroad) -- 3. Project- and scenario-based learning -- 4. Gamification and social media -- 5. Building social presence through participatory and peer-learning opportunities --6.  Assessment of active and experiential learning.
=530  \\$aAlso available in print format.
=538  \\$aMode of access: World Wide Web.
=650  \0$aActive learning.
=650  \0$aExperiential learning.
=650  \0$aInternet in education.
=650  \0$aWeb-based instruction.
=655  \7$aElectronic books.$2lcsh
=700  1\$aSkipwith, Ke'Anna Brown.
=776  08$iPrint version: $z9781138670679(Hardback)$w 2016025370
=793  0\$aTaylor & Francis online monographs (UCSD)
=830  \0$aBest practices in online teaching and learning series.
=856 40$zTaylor & Francis. Restricted to UCSD IP addresses.$uhttps://www.taylorfrancis.com/books/9781317208150

