=LDR  02538cam a2200553Ii 4500
=001  TF9781315852546
=003  FlBoTFG
=005  20180331111825.0
=006  m\\\\\o\\d\\\\\\\\
=007  cr\\\\\\\\\\\\
=008  180331s2016\\\\enk\\\\\ob\\\\001\0\eng\d
=020  \\$a9781317919018 (e-book: PDF)$q(e-book : PDF)
=020  \\$z9781317919018$q(e-book: PDF)
=020  \\$z9781317919001$q(e-book: ePub)
=020  \\$z9781317918998$q(e-book: Mobi)
=020  \\$z9780415727266$q(hardback)
=020  \\$z9781138097162$q(paperback)
=020  \\$a9781315852546 (e-book)
=020  \\$a9781317918998 (e-book: Mobi)
=020  \\$a9781317919001 (e-book: ePub)
=020  \\$a9780415727266 (hardback)
=020  \\$a9781138097162 (paperback)
=024  7\$a10.4324/9781315852546 $2doi
=035  \\$a(OCoLC)919432594
=040  \\$aFlBoTFG$cFlBoTFG$erda$beng
=043  \\$an-us---$aaw-----
=050  \4$aDS63.2.U5$bM384 2016
=082  04$a327.11$bM345
=100  1\$aMarkakis, Dionysis.,$eauthor.
=245  10$aUS democracy promotion in the Middle East :$bthe pursuit of hegemony /$cDionysis Markakis.
=246  3\$aUnited States democracy promotion in the Middle East
=264  \1$aLondon ;$aNew York :$bRoutledge,$c©2016.
=300  \\$a1 online resource (191 pages) :$btext file, PDF
=336  \\$atext$2rdacontent
=337  \\$acomputer$2rdamedia
=338  \\$aonline resource$2rdacarrier
=490  1\$aRoutledge studies in US foreign policy
=504  \\$aIncludes bibliographical references and index.
=505  0\$a1. The analytical framework : a neo-Gramscian approach -- 2. US democracy promotion : the pursuit of hegemony in the aftermath of the Second World War -- 3. US democracy promotion in the Middle East : the regional approach -- 4. US democracy promotion in Egypt -- 5. US democracy promotion in Iraq -- 6. US democracy promotion in Kuwait.
=530  \\$aAlso available in print format.
=650  \0$aDemocracy$xGovernment policy$zUnited States.
=651  \0$aMiddle East$xForeign relations$zUnited States.
=651  \0$aUnited States$xForeign relations$y1993-2001.
=651  \0$aUnited States$xForeign relations$y2001-2009.
=651  \0$aUnited States$xForeign relations$zMiddle East.
=655  \7$aElectronic books.$2lcsh
=776  08$iPrint version: $z9780415727266$q(Hardback)$w(DLC) 2015008651
=793  0\$aTaylor & Francis online monographs (UCSD)
=830  \0$aRoutledge studies in US foreign policy.
=856 40$zTaylor & Francis. Restricted to UCSD IP addresses.$uhttps://www.taylorfrancis.com/books/9781317919018

