=LDR  02050cam a2200505Ii 4500
=001  TF9781315667447
=003  FlBoTFG
=005  20180331111825.0
=006  m\\\\\o\\d\\\\\\\\
=007  cr\\\\\\\\\\\\
=008  180331r20161993enka\\\\ob\\\\001\0\eng\d
=020  \\$a9781317358138 (e-book: PDF)$q(e-book : PDF)
=020  \\$z9781317358138$q(e-book: PDF)
=020  \\$z9781317358121$q(e-book: ePub)
=020  \\$z9781317358114$q(e-book: Mobi)
=020  \\$z9781138953123$q(hardback)
=020  \\$z9781138953192$q(paperback)
=020  \\$a9781315667447 (e-book)
=020  \\$a9781317358114 (e-book: Mobi)
=020  \\$a9781317358121 (e-book: ePub)
=020  \\$a9781138953123 (hardback)
=020  \\$a9781138953192 (paperback)
=024  7\$a10.4324/9781315667447 $2doi
=035  \\$a(OCoLC)958109406
=040  \\$aFlBoTFG$cFlBoTFG$erda$beng
=050  \4$aRJ506.D4$bD47 2016
=082  04$a618.928527$bD424
=245  00$aDepression in children and adolescents /$cedited by Harold S. Koplewicz and Emily Klass.
=264  \1$aLondon :$bRoutledge,$c©2016.
=300  \\$a1 online resource (ix, 254 pages) :$billustrations, text file, PDF
=336  \\$atext$2rdacontent
=337  \\$acomputer$2rdamedia
=338  \\$aonline resource$2rdacarrier
=490  0\$aRoutledge library editions. Adolescence ;$vv. 4
=500  \\$aFirst published in 1993 by Harwood Academic Publishers.
=504  \\$aIncludes bibliographical references and index.
=505  0\$aTheories of development and etiology -- Medical illness and depression -- Depression and other psychiatric conditions -- Treatment approaches.
=530  \\$aAlso available in print format.
=650  \0$aDepression in adolescence.
=650  \0$aDepression in children.
=655  \7$aElectronic books.$2lcsh
=700  1\$aKlass, Emily.
=700  1\$aKoplewicz, Harold S.
=776  08$iPrint version: $z9781138953123$q(Hardback)
=793  0\$aTaylor & Francis online monographs (UCSD)
=856 40$zTaylor & Francis. Restricted to UCSD IP addresses.$uhttps://www.taylorfrancis.com/books/9781317358138

