=LDR  02483cam a2200589Ii 4500
=001  TF9781315578330
=003  FlBoTFG
=005  20180331102445.0
=006  m\\\\\o\\d\\\\\\\\
=007  cr\\\\\\\\\\\\
=008  180331r20162015enka\\\\ob\\\\001\0\eng\d
=020  \\$a9781317147343 (e-book: PDF)$q(e-book : PDF)
=020  \\$z9781317147343$q(e-book: PDF)
=020  \\$z9781317147336$q(e-book: ePub)
=020  \\$z9781317147329$q(e-book: Mobi)
=020  \\$z9781409463269$q(hardback)
=020  \\$a9781315578330 (e-book)
=020  \\$a9781317147329 (e-book: Mobi)
=020  \\$a9781317147336 (e-book: ePub)
=020  \\$a9781409463269 (hardback)
=024  7\$a10.4324/9781315578330 $2doi
=035  \\$a(OCoLC)952728138
=040  \\$aFlBoTFG$cFlBoTFG$erda$beng
=043  \\$ae------
=050  \4$aD231$b.D96 2016
=082  04$a929.709409032$bD997
=245  00$aDynastic identity in early modern Europe :$brulers, aristocrats and the formation of identities /$cedited by Liesbeth Geevers, Mirella Marini.
=264  \1$aLondon ;$aNew York :$bRoutledge,$c©2016.
=300  \\$a1 online resource (ix, 195  pages) :$billustrations, text file, PDF
=336  \\$atext$2rdacontent
=337  \\$acomputer$2rdamedia
=338  \\$aonline resource$2rdacarrier
=490  1\$aPolitics and culture in Europe, 1650-1750
=500  \\$aFirst published 2015 by Ashgate Publishing.
=504  \\$aIncludes bibliographical references (p. [243]-280) and index.
=505  0\$apt. 1. Identity, ethnicity and monarchy -- pt. 2. Identity formation and family relations -- pt. 3. Manufacturing identity.
=530  \\$aAlso available in print format.
=538  \\$aMode of access: World Wide Web.
=650  \0$aAristocracy (Social class)$zEurope$xHistory.
=650  \0$aElite (Social sciences)$zEurope$xHistory.
=650  \0$aGroup identity$zEurope$xHistory.
=650  \0$aRoyal houses$zEurope$xHistory.
=651  \0$aEurope$xHistory$y1517-1648.
=651  \0$aEurope$xHistory$y1648-1715.
=651  \0$aEurope$xKings and rulers$xHistory.
=651  \0$aEurope$xSocial conditions.
=655  \7$aElectronic books.$2lcsh
=700  1\$aGeevers, Elisabeth Marieke,$d1979-
=700  1\$aMarini, Mirella.
=776  08$iPrint version: $z9781409463269(Hardback)$w 2015011129
=793  0\$aTaylor & Francis online monographs (UCSD)
=830  \0$aPolitics and culture in Europe, 1650-1750.
=856 40$zTaylor & Francis. Restricted to UCSD IP addresses.$uhttps://www.taylorfrancis.com/books/9781317147343

