=LDR  02272cam a2200505Ii 4500
=001  TF9781315629957
=003  FlBoTFG
=005  20180331111825.0
=006  m\\\\\o\\d\\\\\\\\
=007  cr\\\\\\\\\\\\
=008  180331s2016\\\\enkad\\\ob\\\\001\0\eng\d
=020  \\$a9781317245582 (e-book: PDF)$q(e-book : PDF)
=020  \\$z9781317245582$q(e-book: PDF)
=020  \\$z9781317245575$q(e-book: ePub)
=020  \\$z9781317245568$q(e-book: Mobi)
=020  \\$z9781138642492$q(hardback)
=020  \\$a9781315629957 (e-book)
=020  \\$a9781317245568 (e-book: Mobi)
=020  \\$a9781317245575 (e-book: ePub)
=020  \\$a9781138642492 (hardback)
=024  7\$a10.4324/9781315629957 $2doi
=035  \\$a(OCoLC)950739132
=040  \\$aFlBoTFG$cFlBoTFG$erda$beng
=043  \\$amm-----
=050  \4$aJV7590$b.M486 2016
=082  04$a304.8091822$bM636
=245  00$aMigration in the Mediterranean :$bsocio-economic perspectives /$cedited by Elena Ambrosetti, Donatella Strangio and Catherine Wihtol de Wenden.
=264  \1$aLondon ;$aNew York :$bRoutledge,$c©2016.
=300  \\$a1 online resource (xxvi, 249 pages) :$billustrations, text file, PDF
=336  \\$atext$2rdacontent
=337  \\$acomputer$2rdamedia
=338  \\$aonline resource$2rdacarrier
=490  1\$aRoutledge studies in the European economy ;$v38
=504  \\$aIncludes bibliographical references and index.
=505  0\$apt. 1. Labour migration movements in the Mediterranean : past and present -- pt. 2. The unintended effect of the EU's external borders securitization -- pt. 3. Mobility, migration and transnationalism in the Mediterranean region.
=530  \\$aAlso available in print format.
=651  \0$aEuropean Union countries$xEmigration and immigration$xGovernment policy.
=651  \0$aMediterranean Region$xEmigration and immigration.
=655  \7$aElectronic books.$2lcsh
=700  1\$aAmbrosetti, Elena.
=700  1\$aStrangio, Donatella.
=700  1\$aWihtol de Wenden, Catherine.
=776  08$iPrint version: $z9781138642492(Hardback)$w 2015048451
=793  0\$aTaylor & Francis online monographs (UCSD)
=830  \0$aRoutledge studies in the European economy ;$v38.
=856 40$zTaylor & Francis. Restricted to UCSD IP addresses.$uhttps://www.taylorfrancis.com/books/9781317245582

