=LDR  02089cam a2200529Ii 4500
=001  TF9781315658391
=003  FlBoTFG
=005  20180331111825.0
=006  m\\\\\o\\d\\\\\\\\
=007  cr\\\\\\\\\\\\
=008  180331s2016\\\\enka\\\\ob\\\\001\0\eng\d
=020  \\$a9781317330929 (e-book: PDF)$q(e-book : PDF)
=020  \\$z9781317330929$q(e-book: PDF)
=020  \\$z9781317330912$q(e-book: ePub)
=020  \\$z9781317330905$q(e-book: Mobi)
=020  \\$z9781138999350$q(hardback)
=020  \\$z9781138309258$q(paperback)
=020  \\$a9781315658391 (e-book)
=020  \\$a9781317330905 (e-book: Mobi)
=020  \\$a9781317330912 (e-book: ePub)
=020  \\$a9781138999350 (hardback)
=020  \\$a9781138309258 (paperback)
=024  7\$a10.4324/9781315658391 $2doi
=035  \\$a(OCoLC)958108111
=040  \\$aFlBoTFG$cFlBoTFG$erda$beng
=050  \4$aJZ1305$b.S424 2016
=082  04$a327.2$bS446
=245  00$aSecret diplomacy :$bconcepts, contexts and cases /$cedited by Corneliu Bjola and Stuart Murray.
=264  \1$aLondon ;$aNew York :$bRoutledge,$c©2016.
=300  \\$a1 online resource (xv, 277 pages) :$billustrations, text file, PDF
=336  \\$atext$2rdacontent
=337  \\$acomputer$2rdamedia
=338  \\$aonline resource$2rdacarrier
=490  1\$aRoutledge new diplomacy studies
=504  \\$aIncludes bibliographical references (p. [242]-275) and index.
=505  0\$apt. 1. Conceptualising secret diplomacy -- pt. 2. Contexts of secret diplomacy -- pt. 3. Cases of secret diplomacy.
=530  \\$aAlso available in print format.
=650  \0$aDiplomacy$vCase studies.
=650  \0$aDiplomacy.
=650  \0$aOfficial secrets$vCase studies.
=650  \0$aOfficial secrets.
=655  \7$aElectronic books.$2lcsh
=700  1\$aBjola, Corneliu.
=700  1\$aMurray, Stuart.
=776  08$iPrint version: $z9781138999350(Hardback)$w 2015040275
=793  0\$aTaylor & Francis online monographs (UCSD)
=830  \0$aRoutledge new diplomacy studies.
=856 40$zTaylor & Francis. Restricted to UCSD IP addresses.$uhttps://www.taylorfrancis.com/books/9781317330929

