=LDR  02054cam a2200493Ii 4500
=001  TF9781315640754
=003  FlBoTFG
=005  20180331111825.0
=006  m\\\\\o\\d\\\\\\\\
=007  cr\\\\\\\\\\\\
=008  180331s2016\\\\nyuacj\\ob\\\\001\0\eng\d
=020  \\$a9781317277965 (e-book: PDF)$q(e-book : PDF)
=020  \\$z9781317277965$q(e-book: PDF)
=020  \\$z9781317277958$q(e-book: ePub)
=020  \\$z9781317277941$q(e-book: Mobi)
=020  \\$z9781138905313$q(hardback)
=020  \\$z9781138905320$q(paperback)
=020  \\$a9781315640754 (e-book)
=020  \\$a9781317277941 (e-book: Mobi)
=020  \\$a9781317277958 (e-book: ePub)
=020  \\$a9781138905313 (hardback)
=020  \\$a9781138905320 (paperback)
=024  7\$a10.4324/9781315640754 $2doi
=035  \\$a(OCoLC)958105239
=040  \\$aFlBoTFG$cFlBoTFG$erda$beng
=050  \4$aD16.163$b.G4 2016
=082  04$a900$bD321
=100  1\$aDe Groot, Jerome,$d1975-,$eauthor.
=245  10$aConsuming history :$bhistorians and heritage in contemporary popular culture /$cJerome de Groot.
=250  \\$aSecond edition.
=264  \1$aNew York, N.Y. :$bRoutledge,$c©2016.
=300  \\$a1 online resource (xvi, 316 pages) :$billustrations, text file, PDF
=336  \\$atext$2rdacontent
=337  \\$acomputer$2rdamedia
=338  \\$aonline resource$2rdacarrier
=500  \\$a"First edition published in 2009."
=504  \\$aIncludes bibliographical references and index.
=505  0\$apt. 1. The popular historian -- pt. 2. Digital history -- pt. 3. Performing and playing history -- pt. 4. History on television -- pt. 5. The 'historical' as cultural genre -- pt. 6. Material histories.
=530  \\$aAlso available in print format.
=650  \0$aHistory in popular culture.
=650  \0$aPublic history.
=655  \7$aElectronic books.$2lcsh
=776  08$iPrint version: $z9781138905313(Hardback)$w 2015033278
=793  0\$aTaylor & Francis online monographs (UCSD)
=856 40$zTaylor & Francis. Restricted to UCSD IP addresses.$uhttps://www.taylorfrancis.com/books/9781317277965

