=LDR  01963cam a2200457Ii 4500
=001  TF9781315771533
=003  FlBoTFG
=005  20180331111825.0
=006  m\\\\\o\\d\\\\\\\\
=007  cr\\\\\\\\\\\\
=008  180331s2017\\\\enka\\\\ob\\\\001\0\eng\d
=020  \\$a9781317675686 (e-book: PDF)$q(e-book : PDF)
=020  \\$z9781317675686$q(e-book: PDF)
=020  \\$z9781317675662$q(e-book: Mobi)
=020  \\$z9781138779037$q(hardback)
=020  \\$z9781138779068$q(paperback)
=020  \\$a9781315771533 (e-book)
=020  \\$a9781317675662 (e-book: Mobi)
=020  \\$a9781138779037 (hardback)
=020  \\$a9781138779068 (paperback)
=024  7\$a10.4324/9781315771533 $2doi
=035  \\$a(OCoLC)946610790
=040  \\$aFlBoTFG$cFlBoTFG$erda$beng
=050  \4$aHQ1061$b.H36 2017
=082  04$a305.2600721$bH236
=245  00$aHandbook of gerontology research methods :$bunderstanding successful ageing /$cedited by Leigh Riby.
=264  \1$aLondon ;$aNew York :$bRoutledge,$c©2017.
=300  \\$a1 online resource (xvi, 251 pages) :$billustrations, text file, PDF
=336  \\$atext$2rdacontent
=337  \\$acomputer$2rdamedia
=338  \\$aonline resource$2rdacarrier
=490  0\$aResearch methods in developmental psychology
=504  \\$aIncludes bibliographical references and index.
=505  0\$asection I. Introduction -- section II. Lifestyle factors and psychological functioning -- section III. Less successful ageing -- section IV. Novel interventions for dementia -- section V. End of life.
=530  \\$aAlso available in print format.
=650  \0$aAging$xResearch$xMethodology.
=650  \0$aGerontology$xResearch$xMethodology.
=655  \7$aElectronic books.$2lcsh
=700  1\$aRiby, Leigh.
=776  08$iPrint version: $z9781138779037$q(Hardback)$w(DLC)  2016011099
=793  0\$aTaylor & Francis online monographs (UCSD)
=856 40$zTaylor & Francis. Restricted to UCSD IP addresses.$uhttps://www.taylorfrancis.com/books/9781317675686

