=LDR  03909cam a2200529Ii 4500
=001  TF9781315727059
=003  FlBoTFG
=005  20180331111825.0
=006  m\\\\\o\\d\\\\\\\\
=007  cr\\\\\\\\\\\\
=008  180331s2016\\\\nyuad\\\ob\\\\001\0\eng\d
=020  \\$a9781317538776 (e-book: PDF)$q(e-book : PDF)
=020  \\$z9781317538776$q(e-book: PDF)
=020  \\$z9781317538769$q(e-book: ePub)
=020  \\$z9781317538752$q(e-book: Mobi)
=020  \\$z9781138847002$q(hardback)
=020  \\$z9781138098152$q(paperback)
=020  \\$a9781315727059 (e-book)
=020  \\$a9781317538752 (e-book: Mobi)
=020  \\$a9781317538769 (e-book: ePub)
=020  \\$a9781138847002 (hardback)
=020  \\$a9781138098152 (paperback)
=024  7\$a10.4324/9781315727059 $2doi
=035  \\$a(OCoLC)1000441393
=040  \\$aFlBoTFG$cFlBoTFG$erda$beng
=043  \\$aa-th---
=050  \4$aDS588.S68$bP44 2016
=082  04$a959.3044$bP535
=100  0\$aPhansasiri Kulap.,$eauthor.
=245  10$aReporting Thailand's southern conflict :$bmediating political dissent /$cPhansasiri Kularb.
=264  \1$aNew York :$bRoutledge,$c©2016.
=300  \\$a1 online resource (xxii, 174 pages) :$billustrations, text file, PDF
=336  \\$atext$2rdacontent
=337  \\$acomputer$2rdamedia
=338  \\$aonline resource$2rdacarrier
=490  1\$aRethinking Southeast Asia ;$v14
=504  \\$aIncludes bibliographical references and index.
=505  0\$a1. Introduction -- 2. News representation of the southern conflict -- 3. Reporting the southern conflict : from the field to the newsroom -- 4. News access and southern conflict reporting -- 5. Disparate roles of journalism in the southern conflict -- 6. Conclusion.
=520  \\$a"Since 2004, Thailand's southern border provinces have been plagued by violence. There are a wide array of explanations for this violence, from the revival of Malay nationalist movements and the influence from the global trend of radical Islam, to the power play among the regional underground crime syndicates, politicians, and state authorities. The disparate interpretations signal the dynamic and complex discursive contention of this damaging and enduring conflict, and this book looks at how this is played out in the Thai media, and with what possible consequences. In analysing the southern conflict coverage, the book presents the deficiencies in news coverage, as produced by four news organisations of different natures across a seven-year review period, and discusses the professional practices that hinder journalism from serving as a fair arena for healthy and rational democratic debates. Based on in-depth interviews with news workers, it argues that Thai journalism is not always monolithic and static, as shown in the discursive shifts in news content, the variations of journalistic practices and news workers' disparate stances on the conflict. The book goes on to highlight the less immediately apparent difficulties of political conflict reporting, such as the subtle patterns of intimidation and media manipulation, as well as the challenges of countering socially-prevailing hegemonic beliefs in Thai society. Exploring the political contingencies and socio-cultural influences at play, this book provides an in-depth study of journalism's role in politics in Thailand"--$cProvided by publisher.
=530  \\$aAlso available in print format.
=650  \0$aPolitical violence$zThailand, Southern$xPress coverage.
=650  \0$aPress and politics$zThailand.
=651  \0$aThailand, Southern$xPolitics and government$xPress coverage.
=655  \7$aElectronic books.$2lcsh
=776  08$iPrint version: $z9781138847002$q(Hardback)$w(DLC) 2015036559
=793  0\$aTaylor & Francis online monographs (UCSD)
=830  \0$aRethinking Southeast Asia ;$v14.
=856 40$zTaylor & Francis. Restricted to UCSD IP addresses.$uhttps://www.taylorfrancis.com/books/9781317538776

