=LDR  02102cam a2200481Ii 4500
=001  TF9781135013295
=003  FlBoTFG
=005  20180331111825.0
=006  m\\\\\o\\d\\\\\\\\
=007  cr\\\\\\\\\\\\
=008  180331s2015\\\\nyu\\\\\ob\\\\001\0\eng\d
=020  \\$a9781135013295$q(e-book: PDF)
=020  \\$z9780203752579$q(e-book : PDF)
=020  \\$z9780415843935$q(hardback)
=020  \\$z9781135013288$q(e-book: ePub)
=020  \\$z9781135013271$q(e-book: Mobi)
=020  \\$a9780203752579 (e-book)
=020  \\$a9781135013271 (e-book: Mobi)
=020  \\$a9781135013288 (e-book: ePub)
=020  \\$a9780415843935 (hardback)
=024  7\$a10.4324/9780203752579 $2doi
=035  \\$a(OCoLC)907773435
=040  \\$aFlBoTFG$cFlBoTFG$erda$beng
=043  \\$ae-gr---
=050  \4$aQ127.G7$bB69 2015
=082  04$a509.38$bB792
=100  1\$aBoylan, Michael,$d1952-,$eauthor.
=245  14$aThe origins of ancient Greek science :$bblood : a philosophical study /$cMichael Boylan.
=264  \1$aNew York :$bRoutledge,$c©2015.
=300  \\$a1 online resource (xi, 170 pages) :$btext file, PDF
=336  \\$atext$2rdacontent
=337  \\$acomputer$2rdamedia
=338  \\$aonline resource$2rdacarrier
=490  1\$aRoutledge monographs in classical studies ;$v22
=504  \\$aIncludes bibliographical references (p. [141]-156) and indexes.
=505  0\$a1. Blood, magic, and science in early Greek thought -- 2. The Hippocratic period : philosophy versus clinical biomedicine -- 3. Aristotle : the origin and function of blood and body parts -- 4. Hellenistic, Alexandrian, and Roman methodological battles -- 5. Galen : the grand synthesis.
=530  \\$aAlso available in print format.
=650  \0$aBlood$xHistory.
=650  \0$aScience$zGreece$xHistory.
=655  \7$aElectronic books.$2lcsh
=776  08$iPrint version: $z9780415843935(Hardback)$w(DLC) 2015937666
=793  0\$aTaylor & Francis online monographs (UCSD)
=830  \0$aRoutledge monographs in classical studies ;$v22.
=856 40$zTaylor & Francis. Restricted to UCSD IP addresses.$uhttps://www.taylorfrancis.com/books/9781135013295

