=LDR  04621cam a2200481Ii 4500
=001  TF9781315630755
=003  FlBoTFG
=005  20180331102445.0
=006  m\\\\\o\\d\\\\\\\\
=007  cr\\\\\\\\\\\\
=008  180331r20162015enkabdj\ob\\\\001\0\eng\d
=020  \\$a9781317247982 (e-book: PDF)$q(e-book : PDF)
=020  \\$z9781317247982$q(e-book: PDF)
=020  \\$z9781317247968$q(e-book: Mobi)
=020  \\$z9781909662797$q(hardback)
=020  \\$a9781315630755 (e-book)
=020  \\$a9781317247968 (e-book: Mobi)
=020  \\$a9781909662797 (hardback)
=024  7\$a10.4324/9781315630755 $2doi
=035  \\$a(OCoLC)964526980
=040  \\$aFlBoTFG$cFlBoTFG$erda$beng
=050  \4$aD125$b.M37 2016
=082  04$a940.1$bM342
=245  00$aMaritime societies of the Viking and medieval world /$cedited by James H. Barrett and Sarah Jane Gibbon.
=264  \1$aAbingdon, Oxon :$bRoutledge,$c©2016.
=300  \\$a1 online resource (xxxvii, 358  pages) :$billustrations, text file, PDF
=336  \\$atext$2rdacontent
=337  \\$acomputer$2rdamedia
=338  \\$aonline resource$2rdacarrier
=490  1\$aSociety for Medieval Archaeology monograph,$x0583-9106 ;$v37
=500  \\$aFirst published 2015 by Maney Publishing.
=504  \\$aIncludes bibliographical references and index.
=505  0\$ach. 1. Maritime societies and the transformation of the Viking Age and medieval world / by James H. Barrett -- ch. 2. Sails and the cognitive roles of Viking Age ships / by Christer Westerdahl -- ch. 3. Trade and trust in the Baltic Sea area during the Viking Age / by Ingrid Gustin -- ch. 4. Bound for the Eastern Baltic : trade and centres AD 800-1200 / by Marika Magi -- ch. 5. Between East and West : economy and society on the island of Gotland / by Dan Carlsson -- ch. 6. Viking Age Bornholm : an island on the crossways / by Magdalena Naum -- ch. 7. Trading hubs or political centres of power? Maritime focal sites in early Sweden / by Stefan Brink -- ch. 8. Accessibility and vulnerability : maritime defence and political allegiance on the vikbolandet Peninsula, Ostergotland, Sweden / by Martin Rundkvist -- ch. 9. Dorestad as a Fluviatile society / by Annemarieke Willemsen -- ch. 10. Maritime environment and social identities in medieval coastal Flanders : the management of water and environment and its consequences for the local community and the landscape / by Dries Tys -- ch. 11. The maritime cultural landscape of early medieval Northumbria : small landing places and the emergence of coastal urbanism / by Pieterjan Deckers -- ch. 12. Post-substantivist production and trade : specialized sites for trade and craft production in Scandinavia AD c700-1000 / by Dagfinn Skre -- ch. 13. Late Iron Age boat rituals and ritual boats in Norway / by Sμbj2rg Walaker Nordeide -- ch. 14. Bergen AD 1020/30-1170 : between plans and reality / by Gitte Hansen -- ch. 15. Steatite vessels and the Viking diaspora : migrants, travellers and cultural change in early medieval Britain and Ireland / by S2ren Michael Sindbμk -- ch. 16. Status and identity in Norse settlements : a case study from Orkney / by David Griffiths -- ch. 17. The Viking occupation of the Hebrides : evidence from the excavations at Bornais, South Uist / by Niall M. Sharples ... [et al.] -- ch. 18. Disentangling trade : combs in the North and Irish Seas in the long Viking Age / by Steven P. Ashby -- ch. 19. Dealing with deer : Norse responses to Scottish Isles cervids / by Jacqui Mulville -- ch. 20. 'Warrior graves'? The weapon burial rite in viking age Britain and Ireland / by Stephen H. Harrison -- ch. 21. The threatening wave : Norse poetry and the Scottish Isles / by Judith Jesch -- ch. 22. Sea Kings, maritime kingdoms and the tides of change : man and the isles and medieval European change, AD c1100-1265 / by R. Andrew McDonald -- ch. 23. The sea power of the western isles of Scotland in the late medieval period / by David H. Caldwell -- ch. 24. Coastal communities and diaspora identities in Viking Age Ireland / by Clare Downham.
=530  \\$aAlso available in print format.
=538  \\$aMode of access: World Wide Web.
=650  \0$aAntiquities.
=650  \0$aArchaeology, Medieval.
=655  \7$aElectronic books.$2lcsh
=700  1\$aBarrett, James H.$q(James Harold)
=700  1\$aGibbon, Sarah Jane,$d1976-
=776  08$iPrint version: $z9781909662797(Hardback)$w 2017392072
=793  0\$aTaylor & Francis online monographs (UCSD)
=830  \0$aSociety for Medieval Archaeology monograph ;$v37.
=856 40$zTaylor & Francis. Restricted to UCSD IP addresses.$uhttps://www.taylorfrancis.com/books/9781317247982

