=LDR  01951cam a2200445Ii 4500
=001  TF9781315603780
=003  FlBoTFG
=005  20180331102445.0
=006  m\\\\\o\\d\\\\\\\\
=007  cr\\\\\\\\\\\\
=008  180331s2017\\\\enka\\\\ob\\\\001\0\eng\d
=020  \\$a9781317070993 (e-book: PDF)$q(e-book : PDF)
=020  \\$z9781317070993$q(e-book: PDF)
=020  \\$z9781317070979$q(e-book: Mobi)
=020  \\$z9781472446268$q(hardback)
=020  \\$a9781315603780 (e-book)
=020  \\$a9781317070979 (e-book: Mobi)
=020  \\$a9781472446268 (hardback)
=024  7\$a10.4324/9781315603780 $2doi
=035  \\$a(OCoLC)988377727
=040  \\$aFlBoTFG$cFlBoTFG$erda$beng
=050  \4$aPR1505$b.B57 2017
=082  04$a829.108$bB619
=100  1\$aBirkett, Tom.,$eauthor.
=245  10$aReading the runes in Old English and Old Norse poetry /$cTom Birkett.
=264  \1$aAbingdon, Oxon :$bRoutledge,$c©2017.
=300  \\$a1 online resource :$billustrations, text file, PDF
=336  \\$atext$2rdacontent
=337  \\$acomputer$2rdamedia
=338  \\$aonline resource$2rdacarrier
=504  \\$aIncludes bibliographical references and index.
=505  0\$a1. The writing's on the wall : inscription and inheritance in Old English poetry -- 2. Releasing runes : riddles and revelation in the Exeter book -- 3. Palm-twigs and runic glyphs : the ornamental textuality of runes -- 4. Re-scripting the past in Old Norse heroic poetry -- 5. Sacred script : myths of writing in the poetic Edda.
=530  \\$aAlso available in print edition.
=538  \\$aMode of access: World Wide Web.
=650  \0$aEnglish poetry$yOld English, ca. 450-1100.
=650  \0$aOld Norse poetry.
=650  \0$aRunes.
=655  \7$aElectronic books.$2lcsh
=776  08$iPrint version: $z9781472446268$q(Hardback)
=793  0\$aTaylor & Francis online monographs (UCSD)
=856 40$zTaylor & Francis. Restricted to UCSD IP addresses.$uhttps://www.taylorfrancis.com/books/9781317070993

