=LDR  02268cam a2200505Ii 4500
=001  TF9781315617947
=003  FlBoTFG
=005  20180331102445.0
=006  m\\\\\o\\d\\\\\\\\
=007  cr\\\\\\\\\\\\
=008  180331s2016\\\\enkad\\\ob\\\\001\0\eng\d
=020  \\$a9781317209478 (e-book: PDF)$q(e-book : PDF)
=020  \\$z9781317209478$q(e-book: PDF)
=020  \\$z9781317209461$q(e-book: ePub)
=020  \\$z9781317209454$q(e-book: Mobi)
=020  \\$z9781857438598$q(hardback)
=020  \\$a9781315617947 (e-book)
=020  \\$a9781317209454 (e-book: Mobi)
=020  \\$a9781317209461 (e-book: ePub)
=020  \\$a9781857438598 (hardback)
=024  7\$a10.4324/9781315617947 $2doi
=035  \\$a(OCoLC)951623957
=040  \\$aFlBoTFG$cFlBoTFG$erda$beng
=043  \\$ae-ru---
=050  \4$aDK510.763$b.A76 2016
=082  04$a947.086$bA758
=100  1\$aArnold, Richard.,$eauthor.
=245  10$aRussian nationalism and ethnic violence :$bsymbolic violence, lynching, pogrom, and massacre /$cRichard Arnold.
=264  \1$aAbingdon, Oxon :$bRoutledge,$c©2016.
=300  \\$a1 online resource (231 pages) :$billustrations, text file, PDF
=336  \\$atext$2rdacontent
=337  \\$acomputer$2rdamedia
=338  \\$aonline resource$2rdacarrier
=490  1\$aEuropa country perspectives
=504  \\$aIncludes bibliographical references and index.
=505  0\$a1. Skinhead ethnic violence in the Russian Federation -- 2. "There is a war on our streets!" : cataloguing skinhead violence -- 3. The theory of ethnic vigilantism and neo-Nazi violence -- 4. Unequal treatment : Meskhetian Turks in Krasnodar Krai and Rostov Oblast -- 5. The "Kondopoga technology" : mobilizational dynamics of pogrom -- 6. Conclusion.
=530  \\$aAlso available in print format.
=538  \\$aMode of access: World Wide Web.
=650  \0$aEthnic conflict$zRussia (Federation)
=650  \0$aNationalism$zRussia (Federation)
=650  \0$aNeo-Nazism$zRussia (Federation)
=655  \7$aElectronic books.$2lcsh
=776  08$iPrint version: $z9781857438598$q(Hardback)
=793  0\$aTaylor & Francis online monographs (UCSD)
=830  \0$aEuropa country perspectives.
=856 40$zTaylor & Francis. Restricted to UCSD IP addresses.$uhttps://www.taylorfrancis.com/books/9781317209478

