=LDR  02263cam a2200493Ii 4500
=001  TF9781315695785
=003  FlBoTFG
=005  20180331111825.0
=006  m\\\\\o\\d\\\\\\\\
=007  cr\\\\\\\\\\\\
=008  180331s2016\\\\enka\\\\ob\\\\001\0\eng\d
=020  \\$a9781317443971 (e-book: PDF)$q(e-book : PDF)
=020  \\$z9781317443971$q(e-book: PDF)
=020  \\$z9781317443964$q(e-book: ePub)
=020  \\$z9781317443957$q(e-book: Mobi)
=020  \\$z9781138905672$q(hardback)
=020  \\$z9781138905719$q(paperback)
=020  \\$a9781315695785 (e-book)
=020  \\$a9781317443957 (e-book: Mobi)
=020  \\$a9781317443964 (e-book: ePub)
=020  \\$a9781138905672 (hardback)
=020  \\$a9781138905719 (paperback)
=024  7\$a10.4324/9781315695785 $2doi
=035  \\$a(OCoLC)951711429
=040  \\$aFlBoTFG$cFlBoTFG$erda$beng
=050  \4$aHV689$b.G68 2016
=082  04$a362.20425$bG697
=100  1\$aGould, Nick.,$eauthor.
=245  10$aMental health social work in context /$cNick Gould.
=250  \\$aSecond edition.
=264  \1$aLondon :$bRoutledge,$c©2016.
=300  \\$a1 online resource (xi, 224 pages) :$billustrations, text file, PDF
=336  \\$atext$2rdacontent
=337  \\$acomputer$2rdamedia
=338  \\$aonline resource$2rdacarrier
=490  1\$aStudent social work
=504  \\$aIncludes bibliographical references and index.
=505  0\$a1. Perspectives on mental health -- 2. Developing socially inclusive practice -- 3. The social work role in mental health services -- 4. Working with children and adolescents -- 5. Mental health social work with adults : mood disorders and post-traumatic stress disorder -- 6. Mental health social work with adults : psychoses and personality disorders -- 7. Mental health social work with older people -- 8. Risk and dangerousness -- 9. The future of mental health social work.
=530  \\$aAlso available in print format.
=650  \0$aPsychiatric social work.
=655  \7$aElectronic books.$2lcsh
=776  08$iPrint version: $z9781138905672$q(Hardback)$w(DLC) 2015047114
=793  0\$aTaylor & Francis online monographs (UCSD)
=830  \0$aStudent social work.
=856 40$zTaylor & Francis. Restricted to UCSD IP addresses.$uhttps://www.taylorfrancis.com/books/9781317443971

