=LDR  02340cam a2200505Ii 4500
=001  TF9781315850160
=003  FlBoTFG
=005  20180331111825.0
=006  m\\\\\o\\d\\\\\\\\
=007  cr\\\\\\\\\\\\
=008  180331s2016\\\\enka\\\\ob\\\\001\0\eng\d
=020  \\$a9781317911876 (e-book: PDF)$q(e-book : PDF)
=020  \\$z9781317911876$q(e-book: PDF)
=020  \\$z9781317911869$q(e-book: ePub)
=020  \\$z9781317911852$q(e-book: Mobi)
=020  \\$z9780415730594$q(hardback)
=020  \\$a9781315850160 (e-book)
=020  \\$a9781317911852 (e-book: Mobi)
=020  \\$a9781317911869 (e-book: ePub)
=020  \\$a9780415730594 (hardback)
=024  7\$a10.4324/9781315850160 $2doi
=035  \\$a(OCoLC)958100025
=040  \\$aFlBoTFG$cFlBoTFG$erda$beng
=050  \4$aHD9999.C9472$bT63 2016
=082  04$a658.4012$bT639
=100  1\$aTodorovic, Milan.,$eauthor.
=245  10$aRethinking strategy for creative industries :$binnovation and interaction /$cMilan Todorovic with Ali Bakir.
=264  \1$aAbingdon, Oxon ;$aNew York :$bRoutledge,$c©2016.
=300  \\$a1 online resource (xiv, 237 pages) :$billustrations, text file, PDF
=336  \\$atext$2rdacontent
=337  \\$acomputer$2rdamedia
=338  \\$aonline resource$2rdacarrier
=490  1\$aRoutledge research in creative and cultural industries management ;$v5
=504  \\$aIncludes bibliographical references and index.
=505  0\$a1. Understanding what strategy is / co-authored by Ali Bakir and Milan Todorovic -- 2. Methodology, tools and analytics -- 3. Emergent strategic configurations of power -- 4. Strategy/creativity dialectics applied -- 5. Business modelling and interactive contexts -- 6. Ethical and methodological implications for research and practice.
=530  \\$aAlso available in print format.
=650  \0$aArts$xManagement.
=650  \0$aCultural industries$xManagement.
=650  \0$aMass media$xManagement.
=650  \0$aStrategic planning.
=655  \7$aElectronic books.$2lcsh
=700  1\$aBakir, Ali.
=776  08$iPrint version: $z9780415730594$q(Hardback)$w(DLC) 2015031289
=793  0\$aTaylor & Francis online monographs (UCSD)
=830  \0$aRoutledge research in creative and cultural industries management ;$v5.
=856 40$zTaylor & Francis. Restricted to UCSD IP addresses.$uhttps://www.taylorfrancis.com/books/9781317911876

