=LDR  02768cam a2200553Ii 4500
=001  TF9781315229058
=003  FlBoTFG
=005  20180330125217.0
=006  m\\\\\o\\d\\\\\\\\
=007  cr\\\\\\\\\\\\
=008  180331s2017\\\\enkabd\\ob\\\\001\0\eng\d
=020  \\$a9781351857949 (e-book: PDF)$q(e-book : PDF)
=020  \\$z9781351857949$q(e-book: PDF)
=020  \\$z9781351857925$q(e-book: Mobi)
=020  \\$z9780415367103$q(hardback)
=020  \\$z9780415365062$q(paperback)
=020  \\$a9781315229058 (e-book)
=020  \\$a9781351857925 (e-book: Mobi)
=020  \\$a9780415367103 (hardback)
=020  \\$a9780415365062 (paperback)
=024  7\$a10.4324/9781315229058 $2doi
=035  \\$a(OCoLC)994341618
=040  \\$aFlBoTFG$cFlBoTFG$erda$beng
=041  1\$aeng$hjpn
=043  \\$aa-ja---$aa-cc---
=050  \4$aDS849.C6$bN5813 2017
=082  04$a327.52051$bN728
=130  0\$aNitchu kankeishi.$lEnglish.
=245  10$aJapan-China relations in the modifern era /$cRyosei Kokubun, Yoshihide Soeya, Akio Takahara and Shin Kawashima ; translated by Keith Krulak.
=264  \1$aLondon ;$aNew York :$bRoutledge,$c©2017.
=300  \\$a1 online resource :$billustrations, text file, PDF
=336  \\$atext$btxt$2rdacontent
=337  \\$acomputer$bc$2rdamedia
=338  \\$aonline resource$bcr$2rdacarrier
=500  \\$aOriginally published in Japan by Yuhikaku Publishing Co. Ltd., in 2013.
=504  \\$aIncludes bibliographical references and index.
=505  0\$a1. Japan-China relations of the 1950s : forming relations with the "two Chinas" -- 2. Japan-China relations of the 1960s : caught between the "two Chinas" -- 3. Japan-China relations of the 1970s : international politics and restructuring of Japan-China relations -- 4. Japan-China relations of the 1980s : greater development and appearance of problems -- 5. Japan-China relations of the 1990s : rise of China and increase of frictions -- 6. Japan-China relations at the start of the twenty-first centur : the rocky path to a strategic mutually beneficial relationship -- 7. The current state of Japan-China relations : navigating a fragile relationship.
=530  \\$aAlso available in print edition.
=651  \0$aChina$xForeign relations$zJapan.
=651  \0$aJapan$xForeign relations$y1868-
=651  \0$aJapan$xForeign relations$zChina.
=655  \7$aElectronic books.$2lcsh
=700  1\$aKawashima, Shin,$d1968-
=700  1\$aKokubun, Ryosei,$d1953-
=700  1\$aKrulak, Keith.
=700  1\$aSoeya, Yoshihide,$d1955-
=700  1\$aTakahara, Akio.
=776  08$iPrint version: $z9780415367103$q(Hardback)
=793  0\$aTaylor & Francis online monographs (UCSD)
=856 40$zTaylor & Francis. Restricted to UCSD IP addresses.$uhttps://www.taylorfrancis.com/books/9781351857949

