=LDR  02201cam a2200481Ii 4500
=001  TF9781315715292
=003  FlBoTFG
=005  20180331111825.0
=006  m\\\\\o\\d\\\\\\\\
=007  cr\\\\\\\\\\\\
=008  180331s2014\\\\nyua\\\\ob\\\\001\0\eng\d
=020  \\$a9781317503576 (e-book: PDF)$q(e-book : PDF)
=020  \\$z9781317503576$q(e-book: PDF)
=020  \\$z9781317503569$q(e-book: ePub)
=020  \\$z9781317503552$q(e-book: Mobi)
=020  \\$z9781138774964$q(hardback)
=020  \\$z9781138774971$q(paperback)
=020  \\$a9781315715292 (e-book)
=020  \\$a9781317503552 (e-book: Mobi)
=020  \\$a9781317503569 (e-book: ePub)
=020  \\$a9781138774964 (hardback)
=020  \\$a9781138774971 (paperback)
=024  7\$a10.4324/9781315715292 $2doi
=035  \\$a(OCoLC)1000432377
=040  \\$aFlBoTFG$cFlBoTFG$erda$beng
=050  \4$aBF1566$b.W58 2014
=082  04$a133.4309$bW819
=245  04$aThe witchcraft sourcebook /$cedited by Brian P. Levack.
=250  \\$aSecond edition.
=264  \1$aLondon ;$aNew York :$bRoutledge,$c©2014.
=300  \\$a1 online resource (xvii, 390 pages) :$billustrations, text file, PDF
=336  \\$atext$2rdacontent
=337  \\$acomputer$2rdamedia
=338  \\$aonline resource$2rdacarrier
=504  \\$aIncludes bibliographical references and index.
=505  0\$apt. 1. Witchcraft and magic in the ancient world -- pt. 2. The medieval foundations of witch-hunting -- pt. 3. Witch beliefs in the sixteenth  and seventeenth centuries -- pt. 4. The trial and punishment of witches -- pt. 5. Witchcraft trials in the sixteenth and seventeenth centuries -- pt. 6. Witchcraft trials in England, Scotland, and New England -- pt. 7. Demonic possession and witchcraft -- pt. 8. The skeptical tradition.
=530  \\$aAlso available in print format.
=650  \0$aMagic$xHistory$vSources.
=650  \0$aWitchcraft$xHistory$vSources.
=655  \7$aElectronic books.$2lcsh
=700  1\$aLevack, Brian P.
=776  08$iPrint version: $z9781138774964$q(Hardback)$w(DLC) 2014040253
=793  0\$aTaylor & Francis online monographs (UCSD)
=856 40$zTaylor & Francis. Restricted to UCSD IP addresses.$uhttps://www.taylorfrancis.com/books/9781317503576

