=LDR  02120cam a2200517Ii 4500
=001  TF9781315723778
=003  FlBoTFG
=005  20180331111825.0
=006  m\\\\\o\\d\\\\\\\\
=007  cr\\\\\\\\\\\\
=008  180331s2017\\\\enka\\\\ob\\\\001\0\eng\d
=020  \\$a9781317528975 (e-book: PDF)$q(e-book : PDF)
=020  \\$z9781317528975$q(e-book: PDF)
=020  \\$z9781317528951$q(e-book: Mobi)
=020  \\$z9781138852044$q(hardback)
=020  \\$a9781315723778 (e-book)
=020  \\$a9781317528951 (e-book: Mobi)
=020  \\$a9781138852044 (hardback)
=024  7\$a10.4324/9781315723778 $2doi
=035  \\$a(OCoLC)965826848
=040  \\$aFlBoTFG$cFlBoTFG$erda$beng
=050  \4$aAM7$b.M8817 2017
=082  04$a069.5$bM986
=245  00$aMuseums and photography :$bdisplaying death /$cedited by Elena Stylianou and Theopisti Stylianou-Lambert.
=264  \1$aLondon ;$aNew York :$bRoutledge,$c©2017.
=300  \\$a1 online resource (xv, 322 pages) :$billustrations, text file, PDF
=336  \\$atext$2rdacontent
=337  \\$acomputer$2rdamedia
=338  \\$aonline resource$2rdacarrier
=490  1\$aRoutledge research in museum studies ;$v11
=504  \\$aIncludes bibliographical references and index.
=505  0\$apt. I. Evidencing the past -- pt. II. The spectacle of death -- pt. III. Empathy and escaping anonymity -- pt. IV. Museums as agents of change.
=530  \\$aAlso available in print format.
=650  \0$aDeath$xSocial aspects.
=650  \0$aMuseum exhibits.
=650  \0$aMuseums and photography.
=650  \0$aMuseums$xCollection management.
=650  \0$aMuseums$xSocial aspects.
=650  \0$aPhotographs$xSocial aspects.
=650  \0$aPhotography$xSocial aspects.
=655  \7$aElectronic books.$2lcsh
=700  1\$aStylianou, Elena.
=700  1\$aStylianou-Lambert, Theopisti.
=776  08$iPrint version: $z9781138852044$q(Hardback)$w(DLC) 2016027769
=793  0\$aTaylor & Francis online monographs (UCSD)
=830  \0$aRoutledge research in museum studies ;$v11.
=856 40$zTaylor & Francis. Restricted to UCSD IP addresses.$uhttps://www.taylorfrancis.com/books/9781317528975

