=LDR  02576cam a2200505Ii 4500
=001  TF9781135070540
=003  FlBoTFG
=005  20180331111825.0
=006  m\\\\\o\\d\\\\\\\\
=007  cr\\\\\\\\\\\\
=008  180331s2016\\\\enk\\\\\ob\\\\001\0\eng\d
=020  \\$a9781135070540$q(e-book: PDF)
=020  \\$z9780203440865$q(e-book : PDF)
=020  \\$z9780415816359$q(hardback)
=020  \\$z9781138064966$q(paperback)
=020  \\$z9781135070533$q(e-book: ePub)
=020  \\$z9781135070526$q(e-book: Mobi)
=020  \\$a9780203440865 (e-book)
=020  \\$a9781135070526 (e-book: Mobi)
=020  \\$a9781135070533 (e-book: ePub)
=020  \\$a9780415816359 (hardback)
=020  \\$a9781138064966 (paperback)
=024  7\$a10.4324/9780203440865 $2doi
=035  \\$a(OCoLC)918146529
=040  \\$aFlBoTFG$cFlBoTFG$erda$beng
=050  \4$aHC79.E5$bS395 2016
=082  04$a338.927$bS464
=100  1\$aSeleshi Sisaye,$d1951-,$eauthor.
=245  10$aEcology, sustainable development and accounting /$cSeleshi Sisaye.
=264  \1$aAbingdon, Oxon ;$aNew York, N.Y. :$bRoutledge,$c©2016.
=300  \\$a1 online resource (xiv, 225 pages) :$btext file, PDF
=336  \\$atext$2rdacontent
=337  \\$acomputer$2rdamedia
=338  \\$aonline resource$2rdacarrier
=490  1\$aRoutledge explorations in environmental studies
=504  \\$aIncludes bibliographical references and index.
=505  0\$a1. Ecology, sociology and organization development -- 2. Population ecology of organizations -- 3. Ecological anthropology and sustainable development : evolution of social science approaches in integrating ecology in community and national development programs -- 4. Application of the ecological framework to the U.S. federal government and bilateral and multilateral development organizations -- 5. Ecology of business sustainability -- 6. Ecology of sustainability accounting : environmental and social influences on corporate reporting systems -- 7. Contributions of the ecological approach to the integration of sustainability in accounting education and practice.
=530  \\$aAlso available in print format.
=650  \0$aEcology.
=650  \0$aSocial responsibility of business.
=650  \0$aSustainable development.
=655  \7$aElectronic books.$2lcsh
=776  08$iPrint version: $z9780415816359(Hardback)$w(DLC) 2015006466
=793  0\$aTaylor & Francis online monographs (UCSD)
=830  \0$aRoutledge explorations in environmental studies.
=856 40$zTaylor & Francis. Restricted to UCSD IP addresses.$uhttps://www.taylorfrancis.com/books/9781135070540

