=LDR  02424cam a2200589Ii 4500
=001  TF9781315772264
=003  FlBoTFG
=005  20180331111825.0
=006  m\\\\\o\\d\\\\\\\\
=007  cr\\\\\\\\\\\\
=008  180331s2016\\\\enka\\\\ob\\\\001\0\eng\d
=020  \\$a9781317677871 (e-book: PDF)$q(e-book : PDF)
=020  \\$z9781317677871$q(e-book: PDF)
=020  \\$z9781317677864$q(e-book: ePub)
=020  \\$z9781317677857$q(e-book: Mobi)
=020  \\$z9781138778085$q(hardback)
=020  \\$z9781138629028$q(paperback)
=020  \\$a9781315772264 (e-book)
=020  \\$a9781317677857 (e-book: Mobi)
=020  \\$a9781317677864 (e-book: ePub)
=020  \\$a9781138778085 (hardback)
=020  \\$a9781138629028 (paperback)
=024  7\$a10.4324/9781315772264 $2doi
=035  \\$a(OCoLC)958096621
=040  \\$aFlBoTFG$cFlBoTFG$erda$beng
=043  \\$aa-cc---$an-us---
=050  \4$aHD9502.C62$bS565 2016
=082  04$a333.790951$bS617
=245  00$aSino-US energy triangles :$bresource diplomacy under hegemony /$cedited by David Zweig and Yufan Hao.
=246  30$aSino-U.S. energy triangles
=264  \1$aLondon ;$aNew York :$bRoutledge,$c©2016.
=300  \\$a1 online resource (xxiii, 283 pages) :$billustrations, text file, PDF
=336  \\$atext$2rdacontent
=337  \\$acomputer$2rdamedia
=338  \\$aonline resource$2rdacarrier
=490  1\$aPolitics in Asia series ;$v99
=504  \\$aIncludes bibliographical references and index.
=505  0\$apt. 1. Conceptual frameworks -- pt. 2. US and its allies -- pt. 3. America's neutrals -- pt. 4. America's 'pariahs' and China's energy supply.
=530  \\$aAlso available in print format.
=650  \0$aEnergy consumption$xPolitical aspects$zChina.
=650  \0$aEnergy development$xPolitical aspects$zChina.
=650  \0$aPetroleum industry and trade$zChina.
=651  \0$aChina$xForeign economic relations.
=651  \0$aChina$xForeign relations$zUnited States.
=651  \0$aChina$xForeign relations.
=651  \0$aUnited States$xForeign relations$zChina.
=655  \7$aElectronic books.$2lcsh
=700  1\$aHao, Yufan.
=700  1\$aZweig, David.
=776  08$iPrint version: $z9781138778085$q(Hardback)$w(DLC) 2015000970
=793  0\$aTaylor & Francis online monographs (UCSD)
=830  \0$aPolitics in Asia series ;$v99.
=856 40$zTaylor & Francis. Restricted to UCSD IP addresses.$uhttps://www.taylorfrancis.com/books/9781317677871

