=LDR  03052cam a2200457Ii 4500
=001  TF9781315686516
=003  FlBoTFG
=005  20180331111825.0
=006  m\\\\\o\\d\\\\\\\\
=007  cr\\\\\\\\\\\\
=008  180331s2016\\\\enkad\\\ob\\\\001\0\eng\d
=020  \\$a9781317415374 (e-book: PDF)$q(e-book : PDF)
=020  \\$z9781317415374$q(e-book: PDF)
=020  \\$z9781317415367$q(e-book: ePub)
=020  \\$z9781317415350$q(e-book: Mobi)
=020  \\$z9780415728966$q(hardback)
=020  \\$a9781315686516 (e-book)
=020  \\$a9781317415350 (e-book: Mobi)
=020  \\$a9781317415367 (e-book: ePub)
=020  \\$a9780415728966 (hardback)
=024  7\$a10.4324/9781315686516 $2doi
=035  \\$a(OCoLC)923848631
=040  \\$aFlBoTFG$cFlBoTFG$erda$beng
=050  \4$aHD3871$b.P835 2016
=082  04$a338.87$bP976
=245  00$aPublic private partnerships :$ba global review /$cedited by Akintole Akintoye, Matthias Beck and Mohan Kumaraswamy.
=250  \\$aFirst edition.
=264  \1$aLondon ;$aNew York :$bRoutledge,$c©2016.
=300  \\$a1 online resource (xix, 412 pages) :$billustrations, text file, PDF
=336  \\$atext$2rdacontent
=337  \\$acomputer$2rdamedia
=338  \\$aonline resource$2rdacarrier
=490  0\$aCIB series
=504  \\$aIncludes bibliographical references and index.
=505  0\$a1. An overview of public private partnership -- 2. PPP applications in australia infrastructure development -- 3. Developments of public private partnership in Belgium -- 4. Public private partnerships in Canada -- 5. Public private partnership development in China -- 6. Perspectives on the limited emergence of public-private partnerships in Finland -- 7. public private partnership in Greece -- 8. Public private partnership in Hong Kong -- 9. Public private partnership infrastructure development in India -- 10. Defining public-private partnership in infrastructure development within the Indonesian context -- 11. Public private partnerships in the republic of Ireland -- 12. Public private partnership in Italy : state of art, trends and proposals -- 13. Public private partnership in Japan -- 14. Public private partnership in Malaysia -- 15. The state of public private partnership in Nigeria -- 16. Portugal's experience with public-private partnerships -- 17. Public private partnership in Switzerland -- 18. Public-private partnership in major Taiwan infrastructure projects -- 19. PPP development in Thailand -- 20. Public private partnership implementation in Turkey -- 21. Perspectives on the future of public private partnership in the UK -- 22. Public-private-partnerships in the USA transportation sector.
=530  \\$aAlso available in print format.
=650  \0$aPublic-private sector cooperation.
=655  \7$aElectronic books.$2lcsh
=700  1\$aAkintoye, Akintole.
=776  08$iPrint version: $z9780415728966(Hardback)$w 2015004037
=793  0\$aTaylor & Francis online monographs (UCSD)
=856 40$zTaylor & Francis. Restricted to UCSD IP addresses.$uhttps://www.taylorfrancis.com/books/9781317415374

