=LDR  02083cam a2200457Ii 4500
=001  TF9781315442488
=003  FlBoTFG
=005  20180331111825.0
=006  m\\\\\o\\d\\\\\\\\
=007  cr\\\\\\\\\\\\
=008  180331s2017\\\\enk\\\\\ob\\\\001\0\eng\d
=020  \\$a9781315442471 (e-book: PDF)$q(e-book : PDF)
=020  \\$z9781315442471$q(e-book: PDF)
=020  \\$z9781315442457$q(e-book: Mobi)
=020  \\$z9781138934283$q(hardback)
=020  \\$z9781138934290$q(paperback)
=020  \\$a9781315442488 (e-book)
=020  \\$a9781315442457 (e-book: Mobi)
=020  \\$a9781138934283 (hardback)
=020  \\$a9781138934290 (paperback)
=024  7\$a10.4324/9781315442488 $2doi
=035  \\$a(OCoLC)962355872
=040  \\$aFlBoTFG$beng$erda$cFlBoTFG
=050  \4$aJZ1242$b.A43 2017
=082  04$a327.1$bA359
=100  1\$aAlden, Chris,$eauthor.
=245  10$aForeign policy analysis :$bnew approaches /$cby Dr. Chris Alden and Dr. Amnon Aran.
=250  \\$aSecond edition.
=264  \1$aMilton Park, Abingdon, Oxon ;$aNew York, N.Y. :$bRoutledge,$c©2017.
=300  \\$a1 online resource :$btext file, PDF
=336  \\$atext$2rdacontent
=337  \\$acomputer$2rdamedia
=338  \\$aonline resource$2rdacarrier
=504  \\$aIncludes bibliographical references (pages [161]-176) and index.
=505  0\$a1. Foreign policy analysis : an overview -- 2. Foreign policy decision making -- 3. Bureaucracies and foreign policy -- 4. The domestic sources of foreign policy -- 5. Foreign policy analysis and the state -- 6. Foreign policy analysis and the state -- 6. Foreign policy, globalization and the study of foreign policy analysis -- 7. Foreign policy and change -- 8. Conclusion.
=530  \\$aAlso available in print format.
=650  \0$aInternational relations.
=655  \7$aElectronic books.$2lcsh
=700  1\$aAran, Amnon,$eauthor.
=776  08$iPrint version: $z9781138934283(Hardback)$w 2016025348
=793  0\$aTaylor & Francis online monographs (UCSD)
=856 40$zTaylor & Francis. Restricted to UCSD IP addresses.$uhttps://www.taylorfrancis.com/books/9781315442471

