=LDR  03358cam a2200493Ii 4500
=001  TF9781315779812
=003  FlBoTFG
=005  20180331111825.0
=006  m\\\\\o\\d\\\\\\\\
=007  cr\\\\\\\\\\\\
=008  180331s2016\\\\nyuad\\\ob\\\\001\0\eng\d
=020  \\$a9781317700609 (e-book: PDF)$q(e-book : PDF)
=020  \\$z9781317700609$q(e-book: PDF)
=020  \\$z9781317700593$q(e-book: ePub)
=020  \\$z9781317700586$q(e-book: Mobi)
=020  \\$z9781138018327$q(hardback)
=020  \\$z9781138086128$q(paperback)
=020  \\$a9781315779812 (e-book)
=020  \\$a9781317700586 (e-book: Mobi)
=020  \\$a9781317700593 (e-book: ePub)
=020  \\$a9781138018327 (hardback)
=020  \\$a9781138086128 (paperback)
=024  7\$a10.4324/9781315779812 $2doi
=035  \\$a(OCoLC)958101623
=040  \\$aFlBoTFG$cFlBoTFG$erda$beng
=050  \4$aHV6250.25$b.P79 2016
=082  04$a362.88$bP974
=245  00$aPsychology of fear, crime, and the media :$binternational perspectives /$cedited by Derek Chadee.
=264  \1$aNew York :$bRoutledge,$c©2016.
=300  \\$a1 online resource (xvi, 269 pages) :$billustrations, text file, PDF
=336  \\$atext$2rdacontent
=337  \\$acomputer$2rdamedia
=338  \\$aonline resource$2rdacarrier
=490  1\$aResearching social psychology ;$v4
=504  \\$aIncludes bibliographical references and indexes.
=505  0\$a1. Fear of crime as a 'sponge' : toward a more dynamic understanding of the relationship between generalized social attitudes and fear of crime / Stefaan Pleysier and Diederik Cops -- 2. Construal-level theory and fear of crime / Ioanna Gouseti and Jonathan Jackson -- 3. Madness : fear and fascination / Peter Morrall -- 4. Media and fear of crime : an integrative model / Derek Chadee and Mary Chadee -- 5. Toward a social-psychological understanding of mass media and fear of crime : more than random acts of senseless violence / Linda Heath, Alisha Patel, and Sana Mulla -- 6. Globalization and media : a mediator between terrorism and fear : a post-9/11 perspective / Sonia Suchday, Amina Benkhoukha, and Anthony F. Santoro -- 7. Fear of crime from a multifocal perspective : from impersonal concerns to crimophobia-based posttraumatic stress disorder / Frans Willem Winkel and Maarten J.J. Kunst -- 8. Cross-cultural examinations of fear of crime : the case of Trinidad and the United States / Jason Young, Danielle Cohen, and Derek Chadee -- 9. Fear of gangs : summary and directions for research / Jodi Lane and James W. Meeker -- 10. Mass Media, linguistic intergroup bias, and fear of crime / Silvia d'Andrea ... [et al.] -- 11. Media, fear of crime, and punitivity among university students in Canada and the United States : a cross-national comparison / Steven A. Kohm ... [et al.] -- 12. Who's afraid of the big, bad video game? Media-based moral panics / Christopher J. Ferguson and Kevin M. Beaver.
=530  \\$aAlso available in print format.
=650  \0$aFear of crime.
=650  \0$aPsychology.
=655  \7$aElectronic books.$2lcsh
=700  1\$aChadee, Derek.
=776  08$iPrint version: $z9781138018327$q(Hardback)$w(DLC) 2016288002
=793  0\$aTaylor & Francis online monographs (UCSD)
=830  \0$aResearching social psychology ;$v4.
=856 40$zTaylor & Francis. Restricted to UCSD IP addresses.$uhttps://www.taylorfrancis.com/books/9781317700609

