=LDR  02008cam a2200481Ii 4500
=001  TF9781315694405
=003  FlBoTFG
=005  20180331111825.0
=006  m\\\\\o\\d\\\\\\\\
=007  cr\\\\\\\\\\\\
=008  180331s2016\\\\nyu\\\\\ob\\\\001\0\eng\d
=020  \\$a9781317439486 (e-book: PDF)$q(e-book : PDF)
=020  \\$z9781317439486$q(e-book: PDF)
=020  \\$z9781317439479$q(e-book: ePub)
=020  \\$z9781317439462$q(e-book: Mobi)
=020  \\$z9781138908451$q(hardback)
=020  \\$z9781138908468$q(paperback)
=020  \\$a9781315694405 (e-book)
=020  \\$a9781317439462 (e-book: Mobi)
=020  \\$a9781317439479 (e-book: ePub)
=020  \\$a9781138908451 (hardback)
=020  \\$a9781138908468 (paperback)
=024  7\$a10.4324/9781315694405 $2doi
=035  \\$a(OCoLC)946887255
=040  \\$aFlBoTFG$cFlBoTFG$erda$beng
=050  \4$aRC552.E18$bY64 2016
=082  04$a613.7046$bY546
=245  00$aYoga and eating disorders :$bancient healing for modern illness /$cedited by Carolyn Costin and Joe Kelly.
=264  \1$aNew York :$bRoutledge,$c©2016.
=300  \\$a1 online resource (xvii, 209 pages) :$btext file, PDF
=336  \\$atext$2rdacontent
=337  \\$acomputer$2rdamedia
=338  \\$aonline resource$2rdacarrier
=504  \\$aIncludes bibliographical references and index.
=505  0\$apt. 1. Why and how yoga helps heal eating disorders -- pt. 2. Shadow and risk -- pt. 3. Using yoga in eating disorder therapy -- pt. 4. Integrating yoga in eating disorder treatment programs.
=530  \\$aAlso available in print format.
=650  \0$aEating disorders$xTreatment$vPopular works.
=650  \0$aHatha yoga$vPopular works.
=655  \7$aElectronic books.$2lcsh
=700  1\$aCostin, Carolyn.
=700  1\$aKelly, Joe,$d1954-
=776  08$iPrint version: $z9781138908451$q(Hardback)$w(DLC) 2015039166
=793  0\$aTaylor & Francis online monographs (UCSD)
=856 40$zTaylor & Francis. Restricted to UCSD IP addresses.$uhttps://www.taylorfrancis.com/books/9781317439486

