=LDR  03849cam a2200565Ii 4500
=001  TF9781315629865
=003  FlBoTFG
=005  20180331111825.0
=006  m\\\\\o\\d\\\\\\\\
=007  cr\\\\\\\\\\\\
=008  180331s2016\\\\enka\\\\ob\\\\001\0deng\d
=020  \\$a9781317245315 (e-book: PDF)$q(e-book : PDF)
=020  \\$z9781317245315$q(e-book: PDF)
=020  \\$z9781317245308$q(e-book: ePub)
=020  \\$z9781317245292$q(e-book: Mobi)
=020  \\$z9781138642584$q(hardback)
=020  \\$z9781138557109$q(paperback)
=020  \\$a9781315629865 (e-book)
=020  \\$a9781317245292 (e-book: Mobi)
=020  \\$a9781317245308 (e-book: ePub)
=020  \\$a9781138642584 (hardback)
=020  \\$a9781138557109 (paperback)
=024  7\$a10.4324/9781315629865 $2doi
=035  \\$a(OCoLC)951068448
=040  \\$aFlBoTFG$cFlBoTFG$erda$beng
=043  \\$aa-ii---
=050  \4$aDS461$b.D316 2016
=082  04$a954.025$bD331
=100  1\$aDe la Garza, Andrew,$d1968-,$eauthor.
=245  14$aThe Mughal Empire at war :$bBabur, Akbar and the Indian military revolution, 1500-1605 /$cAndrew de la Garza.
=246  30$aBabur, Akbar and the Indian military revolution, 1500-1605
=264  \1$aLondon ;$aNew York :$bRoutledge,$c©2016.
=300  \\$a1 online resource (210 pages) :$billustrations, text file, PDF
=336  \\$atext$2rdacontent
=337  \\$acomputer$2rdamedia
=338  \\$aonline resource$2rdacarrier
=490  1\$aAsian states and empires ;$v12
=504  \\$aIncludes bibliographical references and index.
=505  0\$a1. A Mughal military revolution? -- 2. Changing ways of war -- 3. Tools fo war : weapons, equipment and technology -- 4. Waging war : tactics and operations -- 5. Learning war : recruitment and training -- 6. Supporting war : logistics and non-combat tasks -- 7. An unfinished revolution.
=520  \\$a"The Mughal Empire was one of the great powers of the early modern era, ruling almost all of South Asia, a conquest state, dominated by its military elite. Many historians have viewed the Mughal Empire as relatively backward, the Emperor the head of a traditional warband from Central Asia, with tribalism and the traditions of the Islamic world to the fore, and the Empire not remotely comparable to the forward looking Western European states of the period, with their strong innovative armies implementing the "military revolution". This book argues that, on the contrary, the military establishment built by the Emperor Babur and his successors was highly sophisticated, an effective combination of personnel, expertise, technology and tactics, drawing on precedents from Europe, the Middle East, Central Asia and India, and that the resulting combined arms system transformed the conduct of warfare in South Asia. The book traces the development of the Mughal Empire chronologically, examines weapons and technology, tactics and operations, organization, recruitment and training, and logistics and non-combat operations, and concludes by assessing the overall achievements of the Mughal Empire, comparing it to its Western counterparts, and analyzing the reasons for its decline"--Provided by publisher.
=530  \\$aAlso available in print format.
=600  00$aAkbar,$cEmperor of Hindustan,$d1542-1605$xMilitary leadership.
=600  00$aBabur,$cEmperor of Hindustan,$d1483-1530$xMilitary leadership.
=650  \0$aArtillery$zMogul Empire$xHistory.
=650  \0$aMilitary art and science$zIndia$xHistory$y16th century.
=651  \0$aMogul Empire$xHistory, Military.
=655  \7$aElectronic books.$2lcsh
=776  08$iPrint version: $z9781138642584(Hardback)$w 2016002129
=793  0\$aTaylor & Francis online monographs (UCSD)
=830  \0$aAsian states and empires ;$v12.
=856 40$zTaylor & Francis. Restricted to UCSD IP addresses.$uhttps://www.taylorfrancis.com/books/9781317245315

