=LDR  01989cam a2200457Ii 4500
=001  TF9781315751443
=003  FlBoTFG
=005  20180331111825.0
=006  m\\\\\o\\d\\\\\\\\
=007  cr\\\\\\\\\\\\
=008  180331s2016\\\\nyua\\\\ob\\\\001\0\eng\d
=020  \\$a9781317615170 (e-book: PDF)$q(e-book : PDF)
=020  \\$z9781317615170$q(e-book: PDF)
=020  \\$z9781317615163$q(e-book: ePub)
=020  \\$z9781317615156$q(e-book: Mobi)
=020  \\$z9781138806801$q(hardback)
=020  \\$a9781315751443 (e-book)
=020  \\$a9781317615156 (e-book: Mobi)
=020  \\$a9781317615163 (e-book: ePub)
=020  \\$a9781138806801 (hardback)
=024  7\$a10.4324/9781315751443 $2doi
=035  \\$a(OCoLC)958095793
=040  \\$aFlBoTFG$cFlBoTFG$erda$beng
=050  \4$aSH328$b.M353 2016
=082  04$a639.2068$bM266
=245  00$aManagement science in fisheries :$ban introduction to simulation-based methods /$cedited by Charles T.T. Edwards and Dorothy J. Dankel.
=264  \1$aNew York :$bRoutledge,$c©2016.
=300  \\$a1 online resource (xix, 460 pages) :$billustrations, text file, PDF
=336  \\$atext$2rdacontent
=337  \\$acomputer$2rdamedia
=338  \\$aonline resource$2rdacarrier
=504  \\$aIncludes bibliographical references and index.
=505  0\$apt. I: An introduction to fisheries management science -- pt. II: Evaluating the feedback control of exploitation -- pt. III: Perspectives on fisheries management science -- pt: IV: The practice of fisheries management. 
=530  \\$aAlso available in print format.
=650  \0$aFishery management$xSimulation methods.
=650  \0$aFishery management.
=655  \7$aElectronic books.$2lcsh
=700  1\$aDankel, Dorothy J.
=700  1\$aEdwards, Charles T.  T.
=776  08$iPrint version: $z9781138806801$q(Hardback)$w(DLC) 2015036002
=793  0\$aTaylor & Francis online monographs (UCSD)
=856 40$zTaylor & Francis. Restricted to UCSD IP addresses.$uhttps://www.taylorfrancis.com/books/9781317615170

