=LDR  02140cam a2200517Ii 4500
=001  TF9781315657387
=003  FlBoTFG
=005  20180331111825.0
=006  m\\\\\o\\d\\\\\\\\
=007  cr\\\\\\\\\\\\
=008  180331s2017\\\\enkab\\\ob\\\\001\0\eng\d
=020  \\$a9781317327899 (e-book: PDF)$q(e-book : PDF)
=020  \\$z9781317327899$q(e-book: PDF)
=020  \\$z9781317327882$q(e-book: ePub)
=020  \\$z9781317327875$q(e-book: Mobi)
=020  \\$z9781138999121$q(hardback)
=020  \\$z9780815357612$q(paperback)
=020  \\$a9781315657387 (e-book)
=020  \\$a9781317327875 (e-book: Mobi)
=020  \\$a9781317327882 (e-book: ePub)
=020  \\$a9781138999121 (hardback)
=020  \\$a9780815357612 (paperback)
=024  7\$a10.4324/9781315657387 $2doi
=035  \\$a(OCoLC)963296163
=040  \\$aFlBoTFG$cFlBoTFG$erda$beng
=043  \\$aa-em---
=050  \4$aHQ1755.3$b.W66 2017
=082  04$a305.4095987$bW872
=245  00$aWomen and the politics of gender in post-conflict Timor-Leste :$bbetween heaven and earth /$cedited by Sara Niner.
=264  \1$aLondon ;$aNew York :$bRoutledge,$c©2017.
=300  \\$a1 online resource (xix, 221 pages) :$billustrations, text file, PDF
=336  \\$atext$2rdacontent
=337  \\$acomputer$2rdamedia
=338  \\$aonline resource$2rdacarrier
=490  1\$aASAA women in Asia series ;$v48
=504  \\$aIncludes bibliographical references and index.
=505  0\$apt. 1. Women in history -- pt. 2. Contemporary women : politics and economy -- pt. 3. Contemporary women : culture, violence and reproduction -- pt. 4. Conclusions.
=530  \\$aAlso available in print format.
=650  \0$aFeminism$zTimor-Lestee.
=650  \0$aWomen$xPolitical activity$zTimor-Leste.
=650  \0$aWomen$xSocial conditions$zTimor-Leste.
=655  \7$aElectronic books.$2lcsh
=700  1\$aNiner, Sara.
=776  08$iPrint version: $z9781138999121(Hardback)$w  2016011106
=793  0\$aTaylor & Francis online monographs (UCSD)
=830  \0$aASAA women in Asia series ;$v48.
=856 40$zTaylor & Francis. Restricted to UCSD IP addresses.$uhttps://www.taylorfrancis.com/books/9781317327899

