=LDR  02121cam a2200481Ii 4500
=001  TF9781315562308
=003  FlBoTFG
=005  20180331102445.0
=006  m\\\\\o\\d\\\\\\\\
=007  cr\\\\\\\\\\\\
=008  180331s2017\\\\nyu\\\\\o\\\\\000\0\eng\d
=020  \\$a9781317203957 (e-book: PDF)$q(e-book : PDF)
=020  \\$z9781317203957$q(e-book: PDF)
=020  \\$z9781317203933$q(e-book: Mobi)
=020  \\$z9781138672857$q(hardback)
=020  \\$z9781138672864$q(paperback)
=020  \\$a9781315562308 (e-book)
=020  \\$a9781317203933 (e-book: Mobi)
=020  \\$a9781138672857 (hardback)
=020  \\$a9781138672864 (paperback)
=024  7\$a10.4324/9781315562308 $2doi
=035  \\$a(OCoLC)960040510
=040  \\$aFlBoTFG$cFlBoTFG$erda$beng
=050  \4$aHD2321$b.S7433 2017
=082  04$a306.34$bS799
=100  1\$aStearns, Peter N.,$eauthor.
=245  14$aThe industrial turn in world history /$cPeter N. Stearns.
=264  \1$aNew York :$bRoutledge, Taylor & Francis Group,$c©2017.
=300  \\$a1 online resource :$btext file, PDF
=336  \\$atext$2rdacontent
=337  \\$acomputer$2rdamedia
=338  \\$aonline resource$2rdacarrier
=490  1\$aThemes in world history
=505  0\$a1. The agricultural age : the achievements and limitations of several millennia of world history -- 2. Building industrial society : the industrial revolution -- 3. A new social framework -- 4. Innovations in personal life : how deep was the industrial impact? -- 5. Governments and cultures -- 6. The global arena : war and peace -- 7. The downsides of industrial society -- 8. Conclusion.
=530  \\$aAlso available in print edition.
=538  \\$aMode of access: World Wide Web.
=650  \0$aEconomic history.
=650  \0$aIndustrial revolution.
=650  \0$aIndustrialization$xHistory.
=655  \7$aElectronic books.$2lcsh
=776  08$iPrint version: $z9781138672857(Hardback)$w 2016011111
=793  0\$aTaylor & Francis online monographs (UCSD)
=830  \0$aThemes in world history.
=856 40$zTaylor & Francis. Restricted to UCSD IP addresses.$uhttps://www.taylorfrancis.com/books/9781317203957

