=LDR  03492cam a2200553Ii 4500
=001  TF9781315617879
=003  FlBoTFG
=005  20180331102445.0
=006  m\\\\\o\\d\\\\\\\\
=007  cr\\\\\\\\\\\\
=008  180331s2016\\\\enkab\\\ob\\\\001\0\eng\d
=020  \\$a9781317209263 (e-book: PDF)$q(e-book : PDF)
=020  \\$z9781317209263$q(e-book: PDF)
=020  \\$z9781317209256$q(e-book: ePub)
=020  \\$z9781317209249$q(e-book: Mobi)
=020  \\$z9781138669994$q(hardback)
=020  \\$z9780815355830$q(paperback)
=020  \\$a9781315617879 (e-book)
=020  \\$a9781317209249 (e-book: Mobi)
=020  \\$a9781317209256 (e-book: ePub)
=020  \\$a9781138669994 (hardback)
=020  \\$a9780815355830 (paperback)
=024  7\$a10.4324/9781315617879 $2doi
=035  \\$a(OCoLC)945771779
=040  \\$aFlBoTFG$cFlBoTFG$erda$beng
=043  \\$aa-cc---
=050  \4$aTD301.A1$bD45 2016
=082  04$a363.73940951$bD337
=100  1\$aDelang, Claudio O.,$eauthor.
=245  10$aChina's water pollution problems /$cClaudio O. Delang.
=264  \1$aLondon ;$aNew York :$bRoutledge,$c©2016.
=300  \\$a1 online resource (vi, 189  pages) :$billustrations, text file, PDF
=336  \\$atext$2rdacontent
=337  \\$acomputer$2rdamedia
=338  \\$aonline resource$2rdacarrier
=490  0\$aRoutledge focus
=504  \\$aIncludes bibliographical references and index.
=505  0\$a1. Introduction -- 2. The levels of water pollution -- 3. The sources of water pollution -- 4. The consequences of water pollution -- 5. The solutions -- 6. Conclusion.
=520  2\$a"Water pollution is one of the most serious problems plaguing China today with millions of citizens drinking water unfit for consumption. These abysmal conditions have fuelled increasing social discontent, as people become more concerned by the need to address the pressing issues of water pollution, scarcity, and waste management. This book describes how and why China has ended up in such a dire situation, what the government is doing to address the problem and the difficulties encountered in attempting to reduce pollution. The analysis is based on both gray literature (newspaper articles, NGO reports, Chinese government information) and on academic studies. The gray literature gives a voice to those who suffer from the pollution, their advocates, and government officers, and allows the reader to better grasp the conditions on the ground, and the impact of the air pollution among the people in different areas in China. The academic literature adds a theoretical perspective and brings these different case studies into a broader context. This book will be of great interest to students of environmental pollution and contemporary Chinese studies looking for an introduction to the topic, as well as researchers looking for an analysis of China's environmental problems"--Provided by publisher.
=530  \\$aAlso available in print format.
=538  \\$aMode of access: World Wide Web.
=650  \0$aEnvironmental policy$zChina.
=650  \0$aWater quality management$zChina.
=650  \0$aWater$xPollution$xGovernment policy.
=650  \0$aWater$xPollution$zChina.
=651  \0$aChina$xEnvironmental conditions.
=655  \7$aElectronic books.$2lcsh
=776  08$iPrint version: $z9781138669994(Hardback)$w 2015050389
=793  0\$aTaylor & Francis online monographs (UCSD)
=856 40$zTaylor & Francis. Restricted to UCSD IP addresses.$uhttps://www.taylorfrancis.com/books/9781317209263

