=LDR  03566cam a2200577Ii 4500
=001  TF9781315265902
=003  FlBoTFG
=005  20180330125217.0
=006  m\\\\\o\\d\\\\\\\\
=007  cr\\\\\\\\\\\\
=008  180331s2017\\\\enka\\\\ob\\\\001\0\eng\d
=020  \\$a9781351968577 (e-book: PDF)$q(e-book : PDF)
=020  \\$z9781351968577$q(e-book: PDF)
=020  \\$z9781351968553$q(e-book: Mobi)
=020  \\$z9781138290860$q(hardback)
=020  \\$a9781315265902 (e-book)
=020  \\$a9781351968553 (e-book: Mobi)
=020  \\$a9781138290860 (hardback)
=024  7\$a10.4324/9781315265902 $2doi
=035  \\$a(OCoLC)992324539
=040  \\$aFlBoTFG$cFlBoTFG$erda$beng
=043  \\$aa------$ap------
=050  \4$aJZ5333$b.R44 2017
=082  04$a327.5$bR336
=245  00$aRegional institutions, geopolitics and economics in the Asia Pacific :$bevolving interests and strategies /$cedited by Steven B. Rothman, Utpal Vyas, and Yoichiro Sato.
=264  \1$aLondon ;$aNew York :$bRoutledge,$c©2017.
=300  \\$a1 online resource (xiii, 236 pages) :$billustrations, text file, PDF
=336  \\$atext$btxt$2rdacontent
=337  \\$acomputer$bc$2rdamedia
=338  \\$aonline resource$bcr$2rdacarrier
=490  1\$aAsian security studies
=504  \\$aIncludes bibliographical references and index.
=505  0\$aChina and IR : geopolitical implications for Northeast Asia / Christopher R. Robichaud -- In pursuit of an Asian infrastructure investment bank : the politics and geopolitics of a Chinese bank / Alice Ba -- China's financial power in Asia : strategic implications of RMB internationalization for regional relations / Utpal Vyas -- From pan-Asianism to act east : India's evolving perspectives and roles in East Asian regional institutions / Vindu Mai Chotani -- Taiwan's inconsistent involvement in China's maritime disputes undifer the "one China" institution / Ching-Chang Chen -- Cooperation through an informal agreement : the case of Japan and China / Kaseda Yoshinori -- Effects of Japanese security considiferations on ASEAN+3 and the East Asia Summit / Charly von Solms -- Realist objectives, liberal means : Japan, China and maritime security in Southeast Asia / Hidetaka Yoshimatsu and Dennis D. Trinidad -- The South China Sea conflict, the regional geo-economic ordifer, and ASEAN's institutions / Lim Kheng Swe -- Russia's institutional engagement with the Asia-Pacific : getting more Asian and less Pacific / Artyom Lukin -- The Indian Ocean matters for East Asia : emerging Indo-Pacific interests in East-Asian affairs / Michael R. Porter -- Conclusions : interests and strategies in Asian regional institutional development / Steven B Rothman.
=530  \\$aAlso available in print edition.
=610  20$aASEAN.
=650  \0$aAsian cooperation.
=650  \0$aGeopolitics$zAsia.
=650  \0$aGeopolitics$zPacific Area.
=650  \0$aInternational agencies$zAsia.
=650  \0$aInternational agencies$zPacific Area.
=651  \0$aAsia$xForeign economic relations.
=651  \0$aAsia$xForeign relations.
=651  \0$aPacific Area$xForeign economic relations.
=651  \0$aPacific Area$xForeign relations.
=655  \7$aElectronic books.$2lcsh
=700  1\$aRothman, Steven B.
=700  1\$aSato, Yoichiro,$d1966-
=700  1\$aVyas, Utpal.
=776  08$iPrint version: $z9781138290860(Hardback)$w 2016047795
=793  0\$aTaylor & Francis online monographs (UCSD)
=830  \0$aAsian security studies.
=856 40$zTaylor & Francis. Restricted to UCSD IP addresses.$uhttps://www.taylorfrancis.com/books/9781351968577

