=LDR  02426cam a2200481Ii 4500
=001  TF9781315559544
=003  FlBoTFG
=005  20180331102445.0
=006  m\\\\\o\\d\\\\\\\\
=007  cr\\\\\\\\\\\\
=008  180331s2017\\\\nyu\\\\\ob\\\\001\0\eng\d
=020  \\$a9781317195528 (e-book: PDF)$q(e-book : PDF)
=020  \\$z9781317195528$q(e-book: PDF)
=020  \\$z9781317195504$q(e-book: Mobi)
=020  \\$z9781138677388$q(hardback)
=020  \\$a9781315559544 (e-book)
=020  \\$a9781317195504 (e-book: Mobi)
=020  \\$a9781138677388 (hardback)
=024  7\$a10.4324/9781315559544 $2doi
=035  \\$a(OCoLC)965141924
=040  \\$aFlBoTFG$cFlBoTFG$erda$beng
=050  \4$aPR658.R34$bC43 2017
=082  04$a822.309896$bC466
=100  1\$aChapman, Matthieu,$d1984-,$eauthor.
=245  10$aAnti-black racism in early modern English drama :$bthe other "other" /$cMatthieu Chapman.
=264  \1$aNew York :$bRoutledge,$c©2017.
=300  \\$a1 online resource :$btext file, PDF
=336  \\$atext$2rdacontent
=337  \\$acomputer$2rdamedia
=338  \\$aonline resource$2rdacarrier
=490  1\$aRoutledge studies in Renaissance literature and culture ;$v33
=504  \\$aIncludes bibliographical references and index.
=505  0\$a1. Staging blackness : the incapacity for interlocution -- 2. "If they were black, one would not feel it so much" : racial discourse separating Moors from blacks in early modern England -- 3. Othello is a white man : the subjectivity of the other in Othello -- 4. Primary encounters with subjects and slaves : comparing the descriptions of North Americans and Africans in the narratives of John Hawkins and William Davenant's The cruelty of the Spaniards in Peru -- 5. Aaron's incorporation and the destruction of civil society.
=530  \\$aAlso available in print format.
=538  \\$aMode of access: World Wide Web.
=650  \0$aAfricans in literature.
=650  \0$aBlacks in literature.
=650  \0$aEnglish drama$yEarly modern and Elizabethan, 1500-1600$xHistory and criticism.
=650  \0$aRacism in literature.
=655  \7$aElectronic books.$2lcsh
=776  08$iPrint version: $z9781138677388(Hardback)$w 2016030422
=793  0\$aTaylor & Francis online monographs (UCSD)
=830  \0$aRoutledge studies in Renaissance literature and culture ;$v33.
=856 40$zTaylor & Francis. Restricted to UCSD IP addresses.$uhttps://www.taylorfrancis.com/books/9781317195528

