=LDR  02755cam a2200481Ii 4500
=001  TF9781315671437
=003  FlBoTFG
=005  20180331111825.0
=006  m\\\\\o\\d\\\\\\\\
=007  cr\\\\\\\\\\\\
=008  180331s2017\\\\enk\\\\\ob\\\\001\0\eng\d
=020  \\$a9781317370123 (e-book: PDF)$q(e-book : PDF)
=020  \\$z9781317370123$q(e-book: PDF)
=020  \\$z9781317370109$q(e-book: Mobi)
=020  \\$z9781138945401$q(hardback)
=020  \\$a9781315671437 (e-book)
=020  \\$a9781317370109 (e-book: Mobi)
=020  \\$a9781138945401 (hardback)
=024  7\$a10.4324/9781315671437 $2doi
=035  \\$a(OCoLC)973222976
=040  \\$aFlBoTFG$cFlBoTFG$erda$beng
=050  \4$aHQ118$b.F46 2017
=082  04$a306.74$bF329
=245  00$aFeminism, prostitution and the state :$bthe politics of neo-abolitionism /$cedited by Eilis Ward and Gillian Wylie.
=264  \1$aLondon ;$aNew York, N.Y. :$bRoutledge,$c©2017.
=300  \\$a1 online resource (ix, 162 pages) :$btext file, PDF
=336  \\$atext$2rdacontent
=337  \\$acomputer$2rdamedia
=338  \\$aonline resource$2rdacarrier
=490  1\$aRoutledge studies in gender and global politics
=504  \\$aIncludes bibliographical references and index.
=505  0\$a1. Neo-abolitionism and transnational advocacy networks : globalising an idea / Gillian Wylie -- 2. From contested to consensus : Swedish politics on prostitution and trafficking / Yvonne Svanstrom -- 3. The Netherlands : analysing shifts and continuities in the governing of sexual labour / Silke Heumann ... [et al.] -- 4. Strange confluences : radical feminism and evangelical Christianity as drivers of US neo-abolitionism / Crystal A. Jackson, Jennifer J. Reed and Barbara G. Brents -- 5. The Irish parliament and prostitution law reform : a neo-abolitionist shoe-in? / Eilis Ward -- 6. Almost abolitionist : the peculiarities of prostitution policy in England and Wales / Anna Carline and Jane Scoular -- 7. Against the trend : resistance to neo-abolitionism in Australian anti-trafficking policy debates / Erin O'Brien -- 8. In search of a fair and free society : the regulation of sex work in New Zealand / Gillian Abel.
=530  \\$aAlso available in print format.
=650  \0$aAntislavery movements.
=650  \0$aFeminism.
=650  \0$aHuman trafficking.
=650  \0$aProstitution$xPolitical aspects.
=655  \7$aElectronic books.$2lcsh
=700  1\$aWard, Eilis.
=700  1\$aWylie, Gillian,$d1969-
=776  08$iPrint version: $z9781138945401(Hardback)$w 2016046379
=793  0\$aTaylor & Francis online monographs (UCSD)
=830  \0$aRoutledge studies in gender and global politics.
=856 40$zTaylor & Francis. Restricted to UCSD IP addresses.$uhttps://www.taylorfrancis.com/books/9781317370123

