=LDR  01929cam a2200481Ii 4500
=001  TF9781315277776
=003  FlBoTFG
=005  20180330125217.0
=006  m\\\\\o\\d\\\\\\\\
=007  cr\\\\\\\\\\\\
=008  180331s2017\\\\enkad\\\ob\\\\001\0\eng\d
=020  \\$a9781315277769 (e-book: PDF)$q(e-book : PDF)
=020  \\$z9781315277769$q(e-book: PDF)
=020  \\$z9781315277745$q(e-book: Mobi)
=020  \\$z9781138242661$q(hardback)
=020  \\$z9781138242678$q(paperback)
=020  \\$a9781315277776 (e-book)
=020  \\$a9781315277745 (e-book: Mobi)
=020  \\$a9781138242661 (hardback)
=020  \\$a9781138242678 (paperback)
=024  7\$a10.4324/9781315277776 $2doi
=035  \\$a(OCoLC)972478197
=040  \\$aFlBoTFG$cFlBoTFG$erda$beng
=050  \4$aHD30.28$b.H6928 2017
=082  04$a658.4012$bH845
=100  1\$aHoverstadt, Patrick.,$eauthor.
=245  10$aPatterns of strategy /$cPatrick Hoverstadt and Lucy Loh.
=264  \1$aLondon ;$aNew York, N.Y. :$bRoutledge,$c©2017.
=300  \\$a1 online resource (xix, 385 pages) :$billustrations, text file, PDF
=336  \\$atext$btxt$2rdacontent
=337  \\$acomputer$bc$2rdamedia
=338  \\$aonline resource$bcr$2rdacarrier
=500  \\$a"A Gower Book"--Cover.
=504  \\$aIncludes bibliographical references and index.
=505  0\$apt. 1. A different approach -- pt. 2. Dimensions of strategy -- pt. 3. 80 patterns of strategy -- pt. 4. Developing and executing strategy.
=530  \\$aAlso available in print format.
=650  \0$aBusiness networks.
=650  \0$aOrganizational behavior.
=650  \0$aStrategic planning.
=655  \7$aElectronic books.$2lcsh
=700  1\$aLoh, Lucy$c(Management consultant)
=776  08$iPrint version: $z9781138242661(Hardback)$w 2016032221
=793  0\$aTaylor & Francis online monographs (UCSD)
=856 40$zTaylor & Francis. Restricted to UCSD IP addresses.$uhttps://www.taylorfrancis.com/books/9781315277769

