=LDR  02759cam a2200541Ii 4500
=001  TF9781315569215
=003  FlBoTFG
=005  20180330125217.0
=006  m\\\\\o\\d\\\\\\\\
=007  cr\\\\\\\\\\\\
=008  180331r20162014enk\\\\\ob\\\\001\0\eng\d
=020  \\$a9781317174707 (e-book: PDF)$q(e-book : PDF)
=020  \\$z9781317174707$q(e-book: PDF)
=020  \\$z9781317174691$q(e-book: ePub)
=020  \\$z9781317174684$q(e-book: Mobi)
=020  \\$z9781472427465$q(hardback)
=020  \\$z9781472427496$q(paperback)
=020  \\$a9781315569215 (e-book)
=020  \\$a9781317174684 (e-book: Mobi)
=020  \\$a9781317174691 (e-book: ePub)
=020  \\$a9781472427465 (hardback)
=020  \\$a9781472427496 (paperback)
=024  7\$a10.4324/9781315569215 $2doi
=035  \\$a(OCoLC)950471595
=040  \\$aFlBoTFG$cFlBoTFG$erda$beng
=043  \\$an-us---
=050  \4$aE184.A1$bK564 2016
=082  04$a305.800973$bK547
=100  1\$aKing, C. Richard,$d1968-,$eauthor.
=245  10$aBeyond hate :$bwhite power and popular culture /$cC. Richard King, David J. Leonard.
=264  \1$aLondon :$bRoutledge,$c©2016.
=300  \\$a1 online resource (xi, 188 pages) :$btext file, PDF
=336  \\$atext$btxt$2rdacontent
=337  \\$acomputer$bc$2rdamedia
=338  \\$aonline resource$bcr$2rdacarrier
=490  1\$aCultural politics of media and popular culture
=500  \\$aFirst published 2014 by Ashgate Publishing.
=504  \\$aIncludes bibliographical references (p. [173]-184) and index.
=505  0\$a1. Popularizing white power : a brief introduction -- 2. Reframing white power and popular culture : images, otherness and interpretive communities -- 3. Listening to white noise : the sonic landscapes of white power -- 4. Watching TV with white supremacists : social life in black, white, and Jew -- 5. Racing hollywood : white power, audience response, and cinematic spectacle -- 6. Hating the playa : white nationalism and sport in the contemporary USA -- 7. Gaming the racial ordifer : white power identities and ideologies in video games -- 8. What's not to "like" : white power and social media -- 9. Beyond hate : Wade Michael Page, white power, and popular culture.
=530  \\$aAlso available in print format.
=650  \0$aPopular culture$zUnited States.
=650  \0$aWhites$xRace identity$zUnited States.
=651  \0$aUnited States$xRace relations.
=655  \7$aElectronic books.$2lcsh
=700  1\$aLeonard, David J.
=776  08$iPrint version: $z9781472427465(Hardback)$w 2013048252
=793  0\$aTaylor & Francis online monographs (UCSD)
=830  \0$aCultural politics of media and popular culture.
=856 40$zTaylor & Francis. Restricted to UCSD IP addresses.$uhttps://www.taylorfrancis.com/books/9781317174707

