=LDR  04244cam a2200589Ii 4500
=001  TF9781315849348
=003  FlBoTFG
=005  20180331111825.0
=006  m\\\\\o\\d\\\\\\\\
=007  cr\\\\\\\\\\\\
=008  180331s2016\\\\enk\\\\\ob\\\\001\0\eng\d
=020  \\$a9781317909590 (e-book: PDF)$q(e-book : PDF)
=020  \\$z9781317909590$q(e-book: PDF)
=020  \\$z9781317909583$q(e-book: ePub)
=020  \\$z9781317909576$q(e-book: Mobi)
=020  \\$z9781848723016$q(hardback)
=020  \\$z9781848723023$q(paperback)
=020  \\$a9781315849348 (e-book)
=020  \\$a9781317909576 (e-book: Mobi)
=020  \\$a9781317909583 (e-book: ePub)
=020  \\$a9781848723016 (hardback)
=020  \\$a9781848723023 (paperback)
=024  7\$a10.4324/9781315849348 $2doi
=035  \\$a(OCoLC)953852189
=040  \\$aFlBoTFG$cFlBoTFG$erda$beng
=043  \\$au-at---
=050  \4$aHQ27$b.M635 2016
=082  04$a306.70835$bM824
=100  1\$aMoore, Susan,$d1945-,$eauthor.
=245  10$aSexuality in adolescence :$bthe digital generation /$cMeredith Temple-Smith, Susan Moore and Doreen Rosenthal.
=250  \\$aThird edition.
=264  \1$aLondon ;$aNew York :$bRoutledge,$c©2016.
=300  \\$a1 online resource (ix, 354 pages) :$btext file, PDF
=336  \\$atext$2rdacontent
=337  \\$acomputer$2rdamedia
=338  \\$aonline resource$2rdacarrier
=490  0\$aAdolescence and society
=504  \\$aIncludes bibliographical references and index.
=505  0\$a1. Introducing adolescent sexuality -- 2. Sexual behaviours and attitudes : what is happening now? -- 3. Changing brains, changing hormones, changing bodies -- 4. The social context : parents and peers -- 5. The social context : sex education, religion and the law -- 6. The social context : impact of media and technology -- 7. Gender, sexuality and romance -- 8. Sexual diversity -- 9. Sexually transmissible infections : management and consequences -- 10. Adolescent pregnancy : choices and outcomes -- 11. Sexual abuse, unwanted sex and sexual safety -- 12. Perspectives on adolescent sexuality : two decades of change.
=520  \\$a"The latest edition of Sexuality in Adolescence provides a comprehensive and up-to-date overview of research and theory about adolescent sexuality in the digital generation. The book examines multiple perspectives, emphasizing social and health-related frameworks, but also covering biological and evolutionary approaches. Although the main focus is on normative development and healthy sexuality, the book does not marginalise sexual expression in adolescence, and maladaptive aspects of sexual development are also considered. The book presents global research on many key issues of our time, including the impact of media and technology on adolescent sexuality, changes in adolescent sexual behaviors and beliefs, sexual risk taking, sex education, and teen pregnancy and abortion. This fully revised and updated third edition also addresses the crucial issues of sexual diversity, sexual safety and sexual communication, including coercion, peer pressure and double standards. Sexuality in Adolescence aims to promote sexual wellbeing, and argues for the importance of the adolescent period as a time for engendering healthy sexual attitudes and practices. It will be valuable reading for students in the social and behavioural sciences who are interested in adolescent development and the topic of sexuality, as well as for professionals working with young people and families"--$cProvided by publisher.
=530  \\$aAlso available in print format.
=650  \0$aRisk-taking (Psychology) in adolescence$zAustralia.
=650  \0$aRisk-taking (Psychology) in adolescence.
=650  \0$aTeenagers$xSexual behavior.
=650  \0$aYouth$xSexual behavior$zAustralia.
=650  \0$aYouth$xSexual behavior.
=650  \0$aYouth$zAustralia$xAttitudes.
=655  \7$aElectronic books.$2lcsh
=700  1\$aRosenthal, Doreen,$d1938-
=700  1\$aTemple-Smith, M. J.$q(Meredith J.)
=776  08$iPrint version: $z9781848723016$q(Hardback)$w(DLC) 2015006898
=793  0\$aTaylor & Francis online monographs (UCSD)
=856 40$zTaylor & Francis. Restricted to UCSD IP addresses.$uhttps://www.taylorfrancis.com/books/9781317909590

