=LDR  02197cam a2200517Ii 4500
=001  TF9781315632124
=003  FlBoTFG
=005  20180331111825.0
=006  m\\\\\o\\d\\\\\\\\
=007  cr\\\\\\\\\\\\
=008  180331r20162015enka\\\\ob\\\\001\0\eng\d
=020  \\$a9781317252092 (e-book: PDF)$q(e-book : PDF)
=020  \\$z9781317252092$q(e-book: PDF)
=020  \\$z9781317252085$q(e-book: ePub)
=020  \\$z9781317252078$q(e-book: Mobi)
=020  \\$z9781612058078$q(hardback)
=020  \\$z9781612058085$q(paperback)
=020  \\$a9781315632124 (e-book)
=020  \\$a9781317252078 (e-book: Mobi)
=020  \\$a9781317252085 (e-book: ePub)
=020  \\$a9781612058078 (hardback)
=020  \\$a9781612058085 (paperback)
=024  7\$a10.4324/9781315632124 $2doi
=035  \\$a(OCoLC)958107170
=040  \\$aFlBoTFG$cFlBoTFG$erda$beng
=043  \\$an-us---
=050  \4$aML3917.U6$bC64 2016
=082  04$a782.421599$bC678
=100  1\$aCohen, Ronald D.,$d1940-,$eauthor.
=245  10$aSinging for peace :$banti-war songs in American history /$cRonald D. Cohen and Will Kaufman.
=264  \1$aLondon ;$aNew York :$bRoutledge,$c©2016.
=300  \\$a1 online resource (xi, 171 pages) :$billustrations, text file, PDF
=336  \\$atext$2rdacontent
=337  \\$acomputer$2rdamedia
=338  \\$aonline resource$2rdacarrier
=500  \\$a"First published 2015 by Paradigm Publishers"--t.p. verso.
=504  \\$aIncludes bibliographical references and index.
=505  0\$ach. 1. From the Colonial Era to 1900 -- ch. 2. From World War I into the 1950s -- ch. 3. The early sixties -- ch. 4. The later sixties -- ch. 5. Peace songs since 1970.
=530  \\$aAlso available in print format.
=650  \0$aMusic$xPolitical aspects$zUnited States$xHistory.
=650  \0$aPeace$xSongs and music$xHistory and criticism.
=650  \0$aProtest songs$zUnited States$xHistory and criticism.
=655  \7$aElectronic books.$2lcsh
=700  1\$aKaufman, Will.
=776  08$iPrint version: $z9781612058078(Hardback)$w 2014021123
=793  0\$aTaylor & Francis online monographs (UCSD)
=856 40$zTaylor & Francis. Restricted to UCSD IP addresses.$uhttps://www.taylorfrancis.com/books/9781317252092

