=LDR  03073cam a2200493Ii 4500
=001  TF9781315723044
=003  FlBoTFG
=005  20180331111825.0
=006  m\\\\\o\\d\\\\\\\\
=007  cr\\\\\\\\\\\\
=008  180331s2016\\\\nyu\\\\\ob\\\\001\0\eng\d
=020  \\$a9781317526780 (e-book: PDF)$q(e-book : PDF)
=020  \\$z9781317526780$q(e-book: PDF)
=020  \\$z9781317526773$q(e-book: ePub)
=020  \\$z9781317526766$q(e-book: Mobi)
=020  \\$z9781138853058$q(hardback)
=020  \\$z9781138853065$q(paperback)
=020  \\$a9781315723044 (e-book)
=020  \\$a9781317526766 (e-book: Mobi)
=020  \\$a9781317526773 (e-book: ePub)
=020  \\$a9781138853058 (hardback)
=020  \\$a9781138853065 (paperback)
=024  7\$a10.4324/9781315723044 $2doi
=035  \\$a(OCoLC)948603966
=040  \\$aFlBoTFG$cFlBoTFG$erda$beng
=050  \4$aRC488.5$b.R353 2016
=082  04$a616.89156$bR167
=100  1\$aRambo, Anne Hearon.,$eauthor.
=245  14$aThe marriage and family therapy career guide :$bdoing well while doing good /$cAnne Rambo, Tommie V. Boyd, and Martha Gonzalez Marquez.
=264  \1$aNew York :$bRoutledge,$c©2016.
=300  \\$a1 online resource (viii, 139 pages) :$btext file, PDF
=336  \\$atext$2rdacontent
=337  \\$acomputer$2rdamedia
=338  \\$aonline resource$2rdacarrier
=504  \\$aIncludes bibliographical references and index.
=505  0\$a1. Introduction : about this book and about marriage and family therapy / Anne Rambo, Tommie V. Boyd, and Martha Gonzalez Marquez -- 2. Inclusivity in MFT : working across and within borders / Christine Ajayi Beliard, Josiane Bonte Apollon, and Daniel Mendel -- 3. About private nonprofit agencies / Anne Rambo -- 4. About residential treatment settings / Tommie V. Boyd -- 5. About private practice settings / Martha Gonzalez Marquez -- 6. About school-based settings / Anne Rambo -- 7. About collaborative settings with other professions (medicine and law) / Tommie V. Boyd -- 8. About coaching / Martha Gonzalez Marquez -- 9. About military settings / Anne Rambo -- 10. About managed care settings / Tommie V. Boyd -- 11. About university and postgraduate settings / Martha Gonzalez Marquez -- 12. About faith-based settings / Anne Rambo -- 13. About Indian health services and related settings / Tommie V. Boyd -- 14. About corporate settings and entrepreneurial work / Martha Gonzalez Marquez -- 15. About equine-assisted family therapy / Anne Rambo -- 16. About international settings / Tommie V. Boyd -- 17. And in conclusion / Anne Rambo, Tommie V. Boyd, and Martha Gonzalez Marquez.
=530  \\$aAlso available in print format.
=650  \0$aFamily psychotherapy$xPractice.
=650  \0$aFamily psychotherapy.
=655  \7$aElectronic books.$2lcsh
=700  1\$aBoyd, Tommie V.
=700  1\$aMarquez, Martha Gonzalez.
=776  08$iPrint version: $z9781138853058$q(Hardback)$w(DLC) 2015038716
=793  0\$aTaylor & Francis online monographs (UCSD)
=856 40$zTaylor & Francis. Restricted to UCSD IP addresses.$uhttps://www.taylorfrancis.com/books/9781317526780

