=LDR  02925cam a2200493Ii 4500
=001  TF9781135870928
=003  FlBoTFG
=005  20180331102445.0
=006  m\\\\\o\\d\\\\\\\\
=007  cr\\\\\\\\\\\\
=008  130331s2010\\\\enkab\\\o\\\\\000\0\eng\d
=020  \\$a9781135870928$q(e-book: PDF)
=020  \\$z9780203717820$q(e-book : PDF)
=020  \\$z9780415472524$q(paperback)
=020  \\$z9781135870997$q(e-book: ePub)
=020  \\$z9781135871062$q(e-book: Mobi)
=020  \\$a9780203717820 (e-book)
=020  \\$a9781135871062 (e-book: Mobi)
=020  \\$a9781135870997 (e-book: ePub)
=020  \\$a9780415472524 (paperback)
=024  7\$a10.4324/9780203717820 $2doi
=035  \\$a(OCoLC)844924520
=040  \\$aFlBoTFG$cFlBoTFG$erda$beng
=041  0\$aeng$achi
=050  \4$aPL1129.E5$bR6755 2010
=082  04$a495.1$bR823
=100  1\$aRoss, Claudia.,$eauthor.
=245  14$aThe Routledge course in modern Mandarin Chinese.$nWorkbook level 1 : simplified characters /$cClaudia Ross ... [et al.].
=246  30$aModern Mandarin Chinese
=264  \1$aLondon ;$aNew York :$bRoutledge,$c©2010.
=300  \\$a1 online resource (xiv, 321 pages) :$billustrations, text file, PDF
=336  \\$atext$2rdacontent
=337  \\$acomputer$2rdamedia
=338  \\$aonline resource$2rdacarrier
=500  \\$aWorkbook lessons include listening comprehension exercises built around the structures, vocabulary, and themes introduced in the lessons.
=505  0\$achapter Lesson 1  Workbook -- Listening and speaking -- chapter Lesson 2  Workbook -- Listening and speaking -- chapter Lesson 3  Workbook -- Listening and speaking -- chapter Lesson 4  Workbook -- Listening and speaking -- chapter Lesson 5  Workbook -- Listening and speaking -- chapter Lesson 6  Workbook -- Listening and speaking -- chapter Lesson 7  Workbook -- Listening and speaking -- chapter Lesson 8  Workbook -- Listening and speaking -- chapter Lesson 9  Workbook -- Listening and speaking -- chapter Lesson 10  Workbook -- Listening and speaking -- chapter Lesson 11  Workbook -- Listening and speaking -- chapter Lesson 12  Workbook -- Listening and speaking -- chapter Lesson 13  Workbook -- Listening and speaking -- chapter Lesson 14  Workbook -- Listening and speaking -- chapter Lesson 15  Workbook -- Listening and speaking -- chapter Lesson 16  Workbook -- Listening and speaking.
=530  \\$aAlso available in print format.
=546  \\$aText in English and Chinese.
=650  \0$aChinese language$vTextbook for foreign speakers$xEnglish.
=650  \0$aChinese language$xSimplified characters.
=650  \0$aMandarin dialects.
=655  \7$aElectronic books.$2lcsh
=776  08$iPrint version: $z9780415472524(Paperback)$w(DLC) 2010549545
=793  0\$aTaylor & Francis online monographs (UCSD)
=856 40$zTaylor & Francis. Restricted to UCSD IP addresses.$uhttps://www.taylorfrancis.com/books/9781135870928

