=LDR  03556cam a2200541Ii 4500
=001  TF9781315584904
=003  FlBoTFG
=005  20180331102445.0
=006  m\\\\\o\\d\\\\\\\\
=007  cr\\\\\\\\\\\\
=008  180331s2017\\\\enka\\\\ob\\\\001\0\eng\d
=020  \\$a9781317127635 (e-book: PDF)$q(e-book : PDF)
=020  \\$z9781317127635$q(e-book: PDF)
=020  \\$z9781317127628$q(e-book: ePub)
=020  \\$z9781317127611$q(e-book: Mobi)
=020  \\$z9781472443984$q(hardback)
=020  \\$a9781315584904 (e-book)
=020  \\$a9781317127611 (e-book: Mobi)
=020  \\$a9781317127628 (e-book: ePub)
=020  \\$a9781472443984 (hardback)
=024  7\$a10.4324/9781315584904 $2doi
=035  \\$a(OCoLC)954000798
=040  \\$aFlBoTFG$cFlBoTFG$erda$beng
=043  \\$aa-cc---
=050  \4$aJZ1734$b.G56 2017
=082  04$a327.5101821$bG562
=245  00$aGlobal media and public diplomacy in Sino-Western relations /$cedited by Jia Gao, Catherine Ingram and Pookong Kee.
=264  \1$aAbingdon, Oxon ;$aNew York, N.Y. :$bRoutledge,$c©2017.
=300  \\$a1 online resource (viii, 168  pages) :$billustrations, text file, PDF
=336  \\$atext$2rdacontent
=337  \\$acomputer$2rdamedia
=338  \\$aonline resource$2rdacarrier
=490  1\$aRethinking Asia and international relations
=504  \\$aIncludes bibliographical references and index.
=505  0\$a1. Transforming Sino-Western relations through global media and public diplomacy / Jia Gao, Catherine Ingram and Pookong Kee -- 2. China's soft power : a mid-term assessment / Gary Rawnsley -- 3. Towards increased diversification and sophistication : trends and issues in China's public diplomacy / Juyan Zhang -- 4. Exercising public diplomacy in domestic dispute : the frames of cross-strait relations by the Taiwan Affairs Office during the Chen Shui-Bian administration / Sow Keat Tok and Tianru Guan -- 5. Foreign capital in the Chinese media market after joining the world trade organisation : co-produced films in public diplomacy and investment polices / Claire Seungeun Lee -- 6. The impact of China's foreign policy on war reporting / Shixin Ivy Zhang -- 7. Chinese state-owned media going abroad : a case study of Australia / Peter Cai -- 8. When a rising giant tries to smile : explaining the quixotic quest of China's media diplomacy in Australia and beyond / Yi Wang -- 9. Conservative popular journalism, public diplomacy, and the search for an alternative Chinese modernity : revisiting the global times / Chengju Huang -- 10. In the name of the nation : the development of China's international propaganda from the late-Qing to the end of World War II / Shuge Wei -- 11. Communication and understanding : a Chinese perspective on information flows in a converged world / Jianguo Deng and Shaode Qin.
=530  \\$aAlso available in print format.
=538  \\$aMode of access: World Wide Web.
=650  \0$aMass media$xPolitical aspects$zChina.
=651  \0$aChina$xForeign relations$y21st century.
=651  \0$aChina$xForeign relations$zWestern countries.
=651  \0$aWestern countries$xForeign relations$zChina.
=655  \7$aElectronic books.$2lcsh
=700  1\$aGao, Jia.
=700  1\$aIngram, Catherine$c(Ethnomusicologist)
=700  1\$aKee, Pookong.
=776  08$iPrint version: $z9781472443984(Hardback)$w 2016005151
=793  0\$aTaylor & Francis online monographs (UCSD)
=830  \0$aRethinking Asia and international relations.
=856 40$zTaylor & Francis. Restricted to UCSD IP addresses.$uhttps://www.taylorfrancis.com/books/9781317127635

