=LDR  02278cam a2200541Ii 4500
=001  TF9781315849300
=003  FlBoTFG
=005  20180331111825.0
=006  m\\\\\o\\d\\\\\\\\
=007  cr\\\\\\\\\\\\
=008  180331s2015\\\\nyu\\\\\ob\\\\001\0\eng\d
=020  \\$a9781317909477 (e-book: PDF)$q(e-book : PDF)
=020  \\$z9781317909477$q(e-book: PDF)
=020  \\$z9781317909460$q(e-book: ePub)
=020  \\$z9781317909453$q(e-book: Mobi)
=020  \\$z9780415732192$q(hardback)
=020  \\$a9781315849300 (e-book)
=020  \\$a9781317909453 (e-book: Mobi)
=020  \\$a9781317909460 (e-book: ePub)
=020  \\$a9780415732192 (hardback)
=024  7\$a10.4324/9781315849300 $2doi
=035  \\$a(OCoLC)905600096
=040  \\$aFlBoTFG$cFlBoTFG$erda$beng
=043  \\$ae-it---$ae-uk---$ae-no---
=050  \4$aDG571$b.G239 2015
=082  04$a320.53309409041$bG212
=100  1\$aGarau, Salvatore,$d1979-,$eauthor.
=245  10$aFascism and ideology :$bItaly, Britain, and Norway /$cSalvatore Garau.
=264  \1$aNew York ;$aLondon :$bRoutledge,$c©2015.
=300  \\$a1 online resource (xiii, 298 pages) :$btext file, PDF
=336  \\$atext$2rdacontent
=337  \\$acomputer$2rdamedia
=338  \\$aonline resource$2rdacarrier
=490  1\$aRoutledge studies in modern European history ;$v28
=504  \\$aIncludes bibliographical references and index.
=505  0\$apt. 1. 'Success' : Italy, 1910-1939 -- pt. 2. 'Failure' : Britain and Norway, 1923-1939.
=530  \\$aAlso available in print format.
=650  \0$aFascism$zGreat Britain$xHistory$y20th century.
=650  \0$aFascism$zItaly$xHistory$y20th century.
=650  \0$aFascism$zNorway$xHistory$y20th century.
=651  \0$aGreat Britain$xPolitics and government$y1910-1936.
=651  \0$aGreat Britain$xPolitics and government$y1936-1945.
=651  \0$aItaly$xPolitics and government$y1922-1945.
=651  \0$aNorway$xPolitics and government$y1905-
=655  \7$aElectronic books.$2lcsh
=776  08$iPrint version: $z9780415732192$q(Hardback)$w(DLC) 2014041918
=793  0\$aTaylor & Francis online monographs (UCSD)
=830  \0$aRoutledge studies in modern European history ;$v28.
=856 40$zTaylor & Francis. Restricted to UCSD IP addresses.$uhttps://www.taylorfrancis.com/books/9781317909477

