=LDR  02152cam a2200517Ii 4500
=001  TF9781315849553
=003  FlBoTFG
=005  20180331111825.0
=006  m\\\\\o\\d\\\\\\\\
=007  cr\\\\\\\\\\\\
=008  180331s2017\\\\nyuab\\\ob\\\\001\0\eng\d
=020  \\$a9781317910220 (e-book: PDF)$q(e-book : PDF)
=020  \\$z9781317910220$q(e-book: PDF)
=020  \\$z9781317910213$q(e-book: ePub)
=020  \\$z9781317910206$q(e-book: Mobi)
=020  \\$z9780415731836$q(hardback)
=020  \\$z9780415731843$q(paperback)
=020  \\$a9781315849553 (e-book)
=020  \\$a9781317910206 (e-book: Mobi)
=020  \\$a9781317910213 (e-book: ePub)
=020  \\$a9780415731836 (hardback)
=020  \\$a9780415731843 (paperback)
=024  7\$a10.4324/9781315849553 $2doi
=035  \\$a(OCoLC)963333109
=040  \\$aFlBoTFG$cFlBoTFG$erda$beng
=043  \\$an-us-ca
=050  \4$aF865$b.E37 2017
=082  04$a979.404$bE346
=100  1\$aEifler, Mark A.,$d1956-,$eauthor.
=245  14$aThe California gold rush :$bthe stampede that changed the world /$cMark A. Eifler.
=264  \1$aNew York, N.Y. :$bRoutledge,$c©2017.
=300  \\$a1 online resource (xv, 217 pages) :$billustrations, text file, PDF
=336  \\$atext$2rdacontent
=337  \\$acomputer$2rdamedia
=338  \\$aonline resource$2rdacarrier
=490  1\$aCritical moments in American history
=504  \\$aIncludes bibliographical references and index.
=505  0\$a1. "Gold on the American River!" -- 2. Deciding to go -- 3. The stampede of 1849 -- 4. Rushed foundations -- 5. Reckonings -- 6. California changes the nation -- 7. Fool's gold.
=530  \\$aAlso available in print format.
=650  \0$aGold miners$zCalifornia$xHistory$y19th century.
=651  \0$aCalifornia$xGold discoveries.
=651  \0$aCalifornia$xHistory$y1846-1850.
=655  \7$aElectronic books.$2lcsh
=776  08$iPrint version: $z9780415731836$q(Hardback)$w(DLC) 2016002861
=793  0\$aTaylor & Francis online monographs (UCSD)
=830  \0$aCritical moments in American history.
=856 40$zTaylor & Francis. Restricted to UCSD IP addresses.$uhttps://www.taylorfrancis.com/books/9781317910220

