=LDR  04319cam a2200553Ii 4500
=001  TF9781315884691
=003  FlBoTFG
=005  20180331111825.0
=006  m\\\\\o\\d\\\\\\\\
=007  cr\\\\\\\\\\\\
=008  180331s2016\\\\enka\\\\ob\\\\001\0\eng\d
=020  \\$a9781134650187 (e-book: PDF)$q(e-book : PDF)
=020  \\$z9781134650187$q(e-book: PDF)
=020  \\$z9781134650255$q(e-book: ePub)
=020  \\$z9781134650323$q(e-book: Mobi)
=020  \\$z9780415711227$q(hardback)
=020  \\$z9780815354987$q(paperback)
=020  \\$a9781315884691 (e-book)
=020  \\$a9781134650323 (e-book: Mobi)
=020  \\$a9781134650255 (e-book: ePub)
=020  \\$a9780415711227 (hardback)
=020  \\$a9780815354987 (paperback)
=024  7\$a10.4324/9781315884691 $2doi
=035  \\$a(OCoLC)938348182
=040  \\$aFlBoTFG$cFlBoTFG$erda$beng
=043  \\$aa-cc---
=050  \4$aLC191.98.C6$bC55 2016
=082  04$a378.0150951$bC539
=245  00$aChinese higher education reform and social justice /$cedited by Bin Wu and W. John Morgan.
=264  \1$aMilton Park, Abingdon, Oxon ;$aNew York, N.Y. :$bRoutledge,$c©2016.
=300  \\$a1 online resource (160 pages) :$billustrations, text file, PDF
=336  \\$atext$2rdacontent
=337  \\$acomputer$2rdamedia
=338  \\$aonline resource$2rdacarrier
=490  1\$aChina policy series ;$v40
=504  \\$aIncludes bibliographical references and index.
=505  0\$a1. Chinese higher education and social justice : what can the capabilities approach offer? / Zhen Li and John Lowe -- 2. Social justice through financial distribution at China's universities : a student survey in Shaanxi Province / Bin Wu and Bernadette Robinson -- 3. Employment equality in China's universities : perceptions of 'decent work' among university teachers in Beijing / Junfu Li, Bin Wu and W. John Morgan -- 4. The career prospects of university graduates from urban families : a cultural perspective / Dian Liu and Yanbi Hong -- 5. Moving to find a job : Chinese Masters' degree graduates and internal migration / Fengliang Li, Yandong Zhao and W. John Morgan -- 6. Residential colleges as living-learning communities in China : some recent developments / Kai-Yan Choi -- 7. Adult higher and continuing education in Mainland China and in Hong Kong : social justice or user pays? / Ning Rong Liu and John Cribbin -- 8. Social justice and higher education financing in Hong Kong / Peter P. Yuen ... [et al.] -- 9. Taiwanese adult learners with self-regulated learning difficulties : the social justice perspective / Cheng-Yen Wang.
=520  \\$a"In place of a distributive justice perspective which focuses simply on equal access to universities, this book presents a broader understanding of the relationship between Chinese higher education and economic and social change. The necessity for research on the place of universities in contemporary Chinese society may be seen from current debates about and policy towards issues of educational inequality at Chinese universities. Many questions arise as a consequence: What are the limitations of neo-liberalism in higher education policy and what are the alternatives? How has the Chinese government met the challenges of educational inequality, and what lessons may be learned from its recent initiatives? How may higher education enhance social justice in Chinese society given economic, social, and cultural inequality? What may be learned from the experience of Macau, Hong Kong, and of Taiwan in terms of achieving social justice in Chinese universities? These questions are considered by a group of leading scholars from both inside and outside China"--$cProvided by publisher.
=530  \\$aAlso available in print format.
=650  \0$aEducation, Higher$xEconomic aspects$zChina.
=650  \0$aEducational change$zChina.
=650  \0$aEducational equalization$zChina.
=650  \0$aEducational sociology$zChina.
=650  \0$aSocial justice$zChina.
=655  \7$aElectronic books.$2lcsh
=700  1\$aWu, Bin,$d1957 November 6-
=776  08$iPrint version: $z9780415711227$q(Hardback)$w(DLC) 2015002423
=793  0\$aTaylor & Francis online monographs (UCSD)
=830  \0$aChina policy series ;$v40.
=856 40$zTaylor & Francis. Restricted to UCSD IP addresses.$uhttps://www.taylorfrancis.com/books/9781134650187

