=LDR  02169cam a2200481Ii 4500
=001  TF9781315554303
=003  FlBoTFG
=005  20180331102445.0
=006  m\\\\\o\\d\\\\\\\\
=007  cr\\\\\\\\\\\\
=008  180331r20162010enk\\\\\ob\\\\001\0\eng\d
=020  \\$a9781317020233 (e-book: PDF)$q(e-book : PDF)
=020  \\$z9781317020233$q(e-book: PDF)
=020  \\$z9781317020226$q(e-book: ePub)
=020  \\$z9781317020219$q(e-book: Mobi)
=020  \\$z9781409409427$q(hardback)
=020  \\$a9781315554303 (e-book)
=020  \\$a9781317020219 (e-book: Mobi)
=020  \\$a9781317020226 (e-book: ePub)
=020  \\$a9781409409427 (hardback)
=024  7\$a10.4324/9781315554303 $2doi
=035  \\$a(OCoLC)958104798
=040  \\$aFlBoTFG$cFlBoTFG$erda$beng
=043  \\$af-nr---
=050  \4$aDT515.836$b.O34 2016
=082  04$a966.9052$bO398
=100  1\$aOjeleye, Olukunle.,$eauthor.
=245  14$aThe politics of post-war demobilisation and reintegration in Nigeria /$cOlukunle Ojeleye.
=264  \1$aLondon :$bRoutledge,$c©2016.
=300  \\$a1 online resource :$btext file, PDF
=336  \\$atext$2rdacontent
=337  \\$acomputer$2rdamedia
=338  \\$aonline resource$2rdacarrier
=500  \\$aFirst published 2010 by Ashgate Publishing.
=504  \\$aIncludes bibliographical references and index.
=505  0\$a1. Background to the Nigerian civil war -- 2. The cause for post-civil war disarmament, demobilisation, and reintegration -- 3. The politics of socio-economic and humanitarian reintegration -- 4. The politics of military disarmament, demobilisation, and reintegration -- 5. The international politics of rehabilitation, reconstruction, and reconciliation.
=530  \\$aAlso available in print edition.
=538  \\$aMode of access: World Wide Web.
=651  \0$aNigeria$xArmed Forces$xDemobilization.
=651  \0$aNigeria$xHistory$yCivil War, 1967-1970$xPeace.
=655  \7$aElectronic books.$2lcsh
=776  08$iPrint version: $z9781409409427(Hardback)$w 2010016349
=793  0\$aTaylor & Francis online monographs (UCSD)
=856 40$zTaylor & Francis. Restricted to UCSD IP addresses.$uhttps://www.taylorfrancis.com/books/9781317020233

