=LDR  02526cam a2200529Ii 4500
=001  TF9781315467771
=003  FlBoTFG
=005  20180330125217.0
=006  m\\\\\o\\d\\\\\\\\
=007  cr\\\\\\\\\\\\
=008  180331s2017\\\\enka\\\\ob\\\\001\0\eng\d
=020  \\$a9781315467764 (e-book: PDF)$q(e-book : PDF)
=020  \\$z9781315467764$q(e-book: PDF)
=020  \\$z9781315467740$q(e-book: Mobi)
=020  \\$z9781138205093$q(hardback)
=020  \\$a9781315467771 (e-book)
=020  \\$a9781315467740 (e-book: Mobi)
=020  \\$a9781138205093 (hardback)
=024  7\$a10.4324/9781315467771 $2doi
=035  \\$a(OCoLC)965826580
=040  \\$aFlBoTFG$cFlBoTFG$erda$beng
=043  \\$af-ua---$aa-is---$aa-ii---$aa-pk---
=050  \4$aJZ6045$b.T45 2017
=082  04$a341.52$bT327
=100  1\$aTerris, Lesley G.,$eauthor.
=245  10$aMediation of international conflicts :$ba rational model /$cLesley G. Terris.
=264  \1$aLondon ;$aNew York :$bRoutledge,$c©2017.
=300  \\$a1 online resource (ix, 241 pages) :$billustrations, text file, PDF
=336  \\$atext$btxt$2rdacontent
=337  \\$acomputer$bc$2rdamedia
=338  \\$aonline resource$bcr$2rdacarrier
=490  1\$aSecurity and conflict management
=504  \\$aIncludes bibliographical references and index.
=505  0\$a1. Introduction -- 2. The Rational Model of Mediation -- 3. The Rational Model of Mediation : a Quantitative analysis -- 4. The Rational Model of Mediation : the Egyptian-Israeli conflict, 1948-1979 -- 5. The Rational Model of Mediation : the Indian-Pakistani conflict, 1947-2002 -- 6. The Rational Model of Mediation and the Egyptian-Israeli and Indian-Pakistani conflicts : a comparative analysis -- 7. Conclusions.
=530  \\$aAlso available in print format.
=650  \0$aDiplomatic negotiations in international disputes$vCase studies.
=650  \0$aDiplomatic negotiations in international disputes.
=650  \0$aMediation, International$vCase studies.
=650  \0$aMediation, International.
=651  \0$aEgypt$xForeign relations$zIsrael.
=651  \0$aIndia$xForeign relations$xPakistan.
=651  \0$aIsrael$xForeign relations$zEgypt.
=651  \0$aPakistan$xForeign relations$zIndia.
=655  \7$aElectronic books.$2lcsh
=776  08$iPrint version: $z9781138205093(Hardback)$w 2016032190
=793  0\$aTaylor & Francis online monographs (UCSD)
=830  \0$aSecurity and conflict management.
=856 40$zTaylor & Francis. Restricted to UCSD IP addresses.$uhttps://www.taylorfrancis.com/books/9781315467764

