=LDR  03006cam a2200505Ii 4500
=001  TF9781315771083
=003  FlBoTFG
=005  20180331111825.0
=006  m\\\\\o\\d\\\\\\\\
=007  cr\\\\\\\\\\\\
=008  180331s2016\\\\enkab\\\ob\\\\001\0\eng\d
=020  \\$a9781317674337 (e-book: PDF)$q(e-book : PDF)
=020  \\$z9781317674337$q(e-book: PDF)
=020  \\$z9781317674320$q(e-book: ePub)
=020  \\$z9781317674313$q(e-book: Mobi)
=020  \\$z9781138779716$q(hardback)
=020  \\$z9781138779723$q(paperback)
=020  \\$a9781315771083 (e-book)
=020  \\$a9781317674313 (e-book: Mobi)
=020  \\$a9781317674320 (e-book: ePub)
=020  \\$a9781138779716 (hardback)
=020  \\$a9781138779723 (paperback)
=024  7\$a10.4324/9781315771083 $2doi
=035  \\$a(OCoLC)958099105
=040  \\$aFlBoTFG$cFlBoTFG$erda$beng
=043  \\$aa-ii---
=050  \4$aHC433$b.N49 2016
=082  04$a330.954035$bN532
=245  02$aA new economic history of colonial India /$cedited by Latika Chaudhary .. [et al.].
=264  \1$aLondon ;$aNew York :$bRoutledge,$c©2016.
=300  \\$a1 online resource (xiv, 269 pages) :$billustrations, text file, PDF
=336  \\$atext$2rdacontent
=337  \\$acomputer$2rdamedia
=338  \\$aonline resource$2rdacarrier
=504  \\$aIncludes bibliographical references and index.
=505  0\$a1. Introduction / Latika Chaudhary ... [et al.] -- 2. Indian economic performance and living standards : 1600-2000 / Stephen Broadberry and Bishnupriya Gupta -- 3. The colonial transition and the decline of the East India Company, c.1746-1784 / Santhi Hejeebu -- 4. The myth and reality of deindustrialisation in early modern India / Indrajit Ray -- 5. The rise of modern industry in colonial India / Bishnupriya Gupta -- 6. Colonial india and the world economy, c.1850-1940 / Gopalan Balachandran -- 7. Agriculture in colonial India / Latika Chaudhary ... [et al.] -- 8. The long run consequences of colonial institutions / Lakshmi Iyer -- 9. Railways in colonial India : an economic achievement? / Dan Bogart and Latika Chaudhary -- 10. Caste, colonialism and schooling : education in British India / Latika Chaudhary -- 11. The growth of a labour market in the twentieth century / Tirthankar Roy -- 12. Industrial labour in late colonial India / Susan Wolcott -- 13. Law and contract enforcement in colonial India / Anand V. Swamy -- 14. The partition and its aftermath : empirical investigations / Prashant Bharadwaj and Kevin Quirolo.
=530  \\$aAlso available in print format.
=650  \0$aBusiness$zIndia$xHistory.
=650  \0$aEconomic history.
=651  \0$aIndia$xEconomic conditions.
=651  \0$aIndia$xSocial conditions.
=655  \7$aElectronic books.$2lcsh
=700  1\$aChaudhary, Latika.
=776  08$iPrint version: $z9781138779716$q(Hardback)$w(DLC) 2015008638
=793  0\$aTaylor & Francis online monographs (UCSD)
=856 40$zTaylor & Francis. Restricted to UCSD IP addresses.$uhttps://www.taylorfrancis.com/books/9781317674337

