=LDR  02457cam a2200553Ii 4500
=001  TF9781315623016
=003  FlBoTFG
=005  20180331102445.0
=006  m\\\\\o\\d\\\\\\\\
=007  cr\\\\\\\\\\\\
=008  180331s2017\\\\nyua\\\\ob\\\\001\0\eng\d
=020  \\$a9781317224747 (e-book: PDF)$q(e-book : PDF)
=020  \\$z9781317224747$q(e-book: PDF)
=020  \\$z9781317224730$q(e-book: ePub)
=020  \\$z9781317224723$q(e-book: Mobi)
=020  \\$z9781138654792$q(hardback)
=020  \\$z9781138614826$q(paperback)
=020  \\$a9781315623016 (e-book)
=020  \\$a9781317224723 (e-book: Mobi)
=020  \\$a9781317224730 (e-book: ePub)
=020  \\$a9781138654792 (hardback)
=020  \\$a9781138614826 (paperback)
=024  7\$a10.4324/9781315623016 $2doi
=035  \\$a(OCoLC)953030199
=040  \\$aFlBoTFG$cFlBoTFG$erda$beng
=043  \\$ae------
=050  \4$aJN40$b.P68 2017
=082  04$a320.5662014$bP831
=245  00$aPopulist political communication in Europe /$cedited by Toril Aalberg ... [et al.].
=264  \1$aNew York ;$aLondon :$bRoutledge,$c©2017.
=300  \\$a1 online resource (vii, 226  pages) :$billustrations, text file, PDF
=336  \\$atext$2rdacontent
=337  \\$acomputer$2rdamedia
=338  \\$aonline resource$2rdacarrier
=490  0\$aRoutledge research in communication studies ;$v1
=500  \\$a"COST"--cover.
=504  \\$aIncludes bibliographical references and index.
=505  0\$apt. 1. Introduction and conceptual challenges -- pt. 2. Populist political communication in Northern Europe -- pt. 3. Populist political communication in Western Europe -- pt. 4. Populist political communication in Southern Europe -- pt. 5. Populist political communication in Eastern Europe -- pt. 6. Conclusions.
=530  \\$aAlso available in print format.
=538  \\$aMode of access: World Wide Web.
=650  \0$aMass media$xPolitical aspects$zEurope.
=650  \0$aPolitical communication$zEurope.
=650  \0$aPopulism$zEurope.
=651  \0$aEurope$xPolitics and government$y21st century.
=655  \7$aElectronic books.$2lcsh
=700  1\$aAalberg, Toril.
=710  2\$aEuropean Cooperation in the Field of Scientific and Technical Research (Organization)
=776  08$iPrint version: $z9781138654792(Hardback)$w 2016011080
=793  0\$aTaylor & Francis online monographs (UCSD)
=856 40$zTaylor & Francis. Restricted to UCSD IP addresses.$uhttps://www.taylorfrancis.com/books/9781317224747

