=LDR  02900cam a2200481Ii 4500
=001  TF9781315543499
=003  FlBoTFG
=005  20180331111825.0
=006  m\\\\\o\\d\\\\\\\\
=007  cr\\\\\\\\\\\\
=008  180331s2017\\\\nyu\\\\\ob\\\\001\0\eng\d
=020  \\$a9781134856404 (e-book: PDF)$q(e-book : PDF)
=020  \\$z9781134856404$q(e-book: PDF)
=020  \\$z9781134856541$q(e-book: Mobi)
=020  \\$z9781138942271$q(hardback)
=020  \\$z9781138942264$q(paperback)
=020  \\$a9781315543499 (e-book)
=020  \\$a9781134856541 (e-book: Mobi)
=020  \\$a9781138942271 (hardback)
=020  \\$a9781138942264 (paperback)
=024  7\$a10.4324/9781315543499 $2doi
=035  \\$a(OCoLC)960719712
=040  \\$aFlBoTFG$cFlBoTFG$erda$beng
=050  \4$aD13$b.I34 2017
=082  04$a907.2$bI242
=100  1\$aIggers, Georg G.,$eauthor.
=245  12$aA global history of modern historiography /$cGeorg G. Iggers, Q. Edward Wang and Supriya Mukherjee.
=250  \\$aSecond edition.
=264  \1$aNew York, N.Y. :$bRoutledge,$c©2017.
=300  \\$a1 online resource (xiii, 376 pages) :$btext file, PDF
=336  \\$atext$2rdacontent
=337  \\$acomputer$2rdamedia
=338  \\$aonline resource$2rdacarrier
=504  \\$aIncludes bibliographical references and index.
=505  0\$a1. Historiographical traditions in the world : a view of the eighteenth century -- 2. The advance of nationalism and nationalist history : the West, the Middle East, and India in the nineteenth century -- 3. Academic history and the shaping of the historical profession : transforming historical study in the nineteenth-century West and East Asia -- 4. Historical writings in the shadow of two world wars : the crisis of historicism and modern historiography -- 5. The appeal of nationalist history around the world : historical studies in the Middle East and Asia in the twentieth century -- 6. New challenges in the postwar period : from social history to postmodernism and postcolonialism -- 7. The rise of Islamism and the ebb of Marxism : historical writings in late twentieth-century Asia, the Middle East, and the West -- 8. Historiography in the early twenty-first century : a critical retrospect.
=520  0\$a"Looks not just at developments in the West but also at the other great historiographical traditions in Asia, the Middle East, and elsewhere in the non-Western world over the course of the past two and a half centuries"--Provided by the publisher.
=530  \\$aAlso available in print format.
=650  \0$aHistoriography$xHistory.
=655  \7$aElectronic books.$2lcsh
=700  1\$aMukherjee, Supriya.
=700  1\$aWang, Q. Edward,$d1958-
=776  08$iPrint version: $z9781138942271(Hardback)$w 2016004725
=793  0\$aTaylor & Francis online monographs (UCSD)
=856 40$zTaylor & Francis. Restricted to UCSD IP addresses.$uhttps://www.taylorfrancis.com/books/9781134856404

