=LDR  02079cam a2200505Ii 4500
=001  TF9781315726687
=003  FlBoTFG
=005  20180331111825.0
=006  m\\\\\o\\d\\\\\\\\
=007  cr\\\\\\\\\\\\
=008  180331s2017\\\\enka\\\\ob\\\\001\0\eng\d
=020  \\$a9781317537663 (e-book: PDF)$q(e-book : PDF)
=020  \\$z9781317537663$q(e-book: PDF)
=020  \\$z9781317537656$q(e-book: ePub)
=020  \\$z9781317537649$q(e-book: Mobi)
=020  \\$z9781138847545$q(hardback)
=020  \\$z9780815356042$q(paperback)
=020  \\$a9781315726687 (e-book)
=020  \\$a9781317537649 (e-book: Mobi)
=020  \\$a9781317537656 (e-book: ePub)
=020  \\$a9781138847545 (hardback)
=020  \\$a9780815356042 (paperback)
=024  7\$a10.4324/9781315726687 $2doi
=035  \\$a(OCoLC)954617387
=040  \\$aFlBoTFG$cFlBoTFG$erda$beng
=043  \\$aas-----
=050  \4$aKNC524$b.P65 2017
=082  04$a342.59$bP769
=245  00$aPolitics and constitutions in Southeast Asia /$cedited by Marco Bunte and Bjorn Dressel.
=264  \1$aLondon ;$aNew York :$bRoutledge,$c©2017.
=300  \\$a1 online resource (xiv, 360 pages) :$billustrations, text file, PDF
=336  \\$atext$2rdacontent
=337  \\$acomputer$2rdamedia
=338  \\$aonline resource$2rdacarrier
=490  1\$aRoutledge law in Asia ;$v17
=504  \\$aIncludes bibliographical references and index.
=505  0\$apt. 1. Constitution-making and constitutional design -- pt. 2. Constitutional change and the military -- pt. 3. Constitutions and human rights -- pt. 4. Constitutional politics and the rule of law.
=530  \\$aAlso available in print format.
=650  \0$aConstitutional law$zSoutheast Asia.
=655  \7$aElectronic books.$2lcsh
=700  1\$aBunte, Marco,$d1970-
=700  1\$aDressel, Bjorn.
=776  08$iPrint version: $z9781138847545$q(Hardback)$w(DLC) 2016005449
=793  0\$aTaylor & Francis online monographs (UCSD)
=830  \0$aRoutledge law in Asia ;$v17.
=856 40$zTaylor & Francis. Restricted to UCSD IP addresses.$uhttps://www.taylorfrancis.com/books/9781317537663

