=LDR  02120cam a2200517Ii 4500
=001  TF9781315671116
=003  FlBoTFG
=005  20180331111825.0
=006  m\\\\\o\\d\\\\\\\\
=007  cr\\\\\\\\\\\\
=008  180331s2016\\\\enkad\\\ob\\\\001\0\eng\d
=020  \\$a9781317369165 (e-book: PDF)$q(e-book : PDF)
=020  \\$z9781317369165$q(e-book: PDF)
=020  \\$z9781317369158$q(e-book: ePub)
=020  \\$z9781317369141$q(e-book: Mobi)
=020  \\$z9781138945920$q(hardback)
=020  \\$z9781138590687$q(paperback)
=020  \\$a9781315671116 (e-book)
=020  \\$a9781317369141 (e-book: Mobi)
=020  \\$a9781317369158 (e-book: ePub)
=020  \\$a9781138945920 (hardback)
=020  \\$a9781138590687 (paperback)
=024  7\$a10.4324/9781315671116 $2doi
=035  \\$a(OCoLC)958105975
=040  \\$aFlBoTFG$cFlBoTFG$erda$beng
=043  \\$aa-cc---$aa-ch---
=050  \4$aDS799.847$b.T3473 2016
=082  04$a951.24905$bT135
=245  00$aTaiwan and the 'China impact' :$bchallenges and opportunities /$cedited by Gunter Schubert.
=264  \1$aLondon ;$aNew York :$bRoutledge,$c©2016.
=300  \\$a1 online resource (xviii, 316 pages) :$billustrations, text file, PDF
=336  \\$atext$2rdacontent
=337  \\$acomputer$2rdamedia
=338  \\$aonline resource$2rdacarrier
=490  1\$aRoutledge research on Taiwan ;$v17
=504  \\$aIncludes bibliographical references and index.
=505  0\$apt. 1. The China impact on Taiwan's domestic politics -- pt. 2. The China impact on Taiwanese society -- pt. 3. The China impact on Taiwan's security.
=530  \\$aAlso available in print format.
=651  \0$aChina$xRelations$zTaiwan.
=651  \0$aTaiwan$xPolitics and government$y2000-
=651  \0$aTaiwan$xRelations$zChina.
=655  \7$aElectronic books.$2lcsh
=700  1\$aSchubert, Gunter,$d1963-
=776  08$iPrint version: $z9781138945920(Hardback)$w 2015021686
=793  0\$aTaylor & Francis online monographs (UCSD)
=830  \0$aRoutledge research on Taiwan ;$v17.
=856 40$zTaylor & Francis. Restricted to UCSD IP addresses.$uhttps://www.taylorfrancis.com/books/9781317369165

