=LDR  01883cam a2200457Ii 4500
=001  TF9781315042725
=003  FlBoTFG
=005  20180331111825.0
=006  m\\\\\o\\d\\\\\\\\
=007  cr\\\\\\\\\\\\
=008  180331r20111997enkad\\\o\\\\\001\0\eng\d
=020  \\$a9780750629522 (paperback)
=020  \\$a9781135387945 (e-book: PDF)
=020  \\$a9781135388010 (e-book: ePub)
=020  \\$a9781135388089 (e-book: Mobi)
=020  \\$a9781138161887 (hardback)
=020  \\$a9781315042725 (e-book : PDF)
=024  7\$a10.4324/9781315042725 $2doi
=035  \\$a(OCoLC)958106228
=040  \\$aFlBoTFG$cFlBoTFG$erda
=090  \\$aTK7867$b.K56 2011
=092  \\$a621.3815$bK497
=100  1\$aKimber, Will.,$eauthor
=245  10$aPractical analog electronics for technicians /$cWill Kimber.
=264  \1$aLondon ;$aNew York :$bRoutledge,$c2011.
=300  \\$a1 online resource (xii, 231 pages) :$billustrations, text file, PDF
=336  \\$atext$2rdacontent
=337  \\$acomputer$2rdamedia
=338  \\$aonline resource$2rdacarrier
=500  \\$aFirst published 1997 by Butterworth-Heinemann.
=500  \\$aIncludes index.
=505  0\$a1. Setting the scene -- 2. DC power supply units -- 3. Small signal amplifiers -- 4. Logarithmic units -- 5. Feedback -- 6. Operational amplifiers -- 7. Oscillators -- 8. Test and measuring equipment -- 9. Fault finding.
=506  \\$aLicense restrictions may limit access.
=506  \\$aSubscription required for access to full text.
=530  \\$aAlso available in print format.
=650  \0$aAnalog electronic systems.
=650  \0$aElectronic circuits.
=650  \0$aElectronics.
=655  \7$aElectronic books.$2lcsh
=776  08$iPrint version: $z9781138161887$q(Hardback)
=793  0\$aTaylor & Francis online monographs (UCSD)
=856 40$zTaylor & Francis. Restricted to UCSD IP addresses.$uhttps://www.taylorfrancis.com/books/9781135387945

