=LDR  02040cam a2200505Ii 4500
=001  TF9781315728582
=003  FlBoTFG
=005  20180331102445.0
=006  m\\\\\o\\d\\\\\\\\
=007  cr\\\\\\\\\\\\
=008  130331s2015\\\\enk\\\\\ob\\\\001\0deng\d
=020  \\$a9781317543367 (e-book: PDF)$q(e-book : PDF)
=020  \\$z9781317543367$q(e-book: PDF)
=020  \\$z9781317543350$q(e-book: ePub)
=020  \\$z9781317543343$q(e-book: Mobi)
=020  \\$z9780415665391$q(hardback)
=020  \\$z9780415665407$q(paperback)
=020  \\$a9781315728582 (e-book)
=020  \\$a9781317543343 (e-book: Mobi)
=020  \\$a9781317543350 (e-book: ePub)
=020  \\$a9780415665391 (hardback)
=020  \\$a9780415665407 (paperback)
=024  7\$a10.4324/9781315728582 $2doi
=035  \\$a(OCoLC)912277262
=040  \\$aFlBoTFG$cFlBoTFG$erda$beng
=050  \4$aJC585.M63$bR55 2015
=082  04$a323.44$bR573
=100  1\$aRiley, Jonathan,$d1955-,$eauthor.
=245  14$aThe Routledge guidebook to Mill's On liberty /$cJonathan Riley.
=246  30$aGuidebook to Mill's On liberty
=264  \1$aLondon ;$aNew York :$bRoutledge,$c©2015.
=300  \\$a1 online resource (xxii, 353 pages) :$btext file, PDF
=336  \\$atext$2rdacontent
=337  \\$acomputer$2rdamedia
=338  \\$aonline resource$2rdacarrier
=490  1\$aRoutledge guides to the great books
=504  \\$aIncludes bibliographical references (p. [332]-344) and index.
=505  0\$apt. 1. General introduction -- pt. 2. The argument of On liberty -- pt. 3. Mill's doctrine in outline -- pt. 4. General issues.
=530  \\$aAlso available in print format.
=600  10$aMill, John Stuart,$d1806-1873.$tOn liberty.
=650  \0$aLiberty.
=655  \7$aElectronic books.$2lcsh
=776  08$iPrint version: $z9780415665391$q(Hardback)$w(DLC) 2015001817
=793  0\$aTaylor & Francis online monographs (UCSD)
=830  \0$aRoutledge guides to the great books.
=856 40$zTaylor & Francis. Restricted to UCSD IP addresses.$uhttps://www.taylorfrancis.com/books/9781317543367

