=LDR  03773cam a2200541Ii 4500
=001  TF9781315737041
=003  FlBoTFG
=005  20180331111825.0
=006  m\\\\\o\\d\\\\\\\\
=007  cr\\\\\\\\\\\\
=008  180331s2016\\\\nyuabd\\ob\\\\001\0\eng\d
=020  \\$a9781317568889 (e-book: PDF)$q(e-book : PDF)
=020  \\$z9781317568889$q(e-book: PDF)
=020  \\$z9781317568872$q(e-book: ePub)
=020  \\$z9781317568865$q(e-book: Mobi)
=020  \\$z9781138830783$q(hardback)
=020  \\$z9780815370567$q(paperback)
=020  \\$a9781315737041 (e-book)
=020  \\$a9781317568865 (e-book: Mobi)
=020  \\$a9781317568872 (e-book: ePub)
=020  \\$a9781138830783 (hardback)
=020  \\$a9780815370567 (paperback)
=024  7\$a10.4324/9781315737041 $2doi
=035  \\$a(OCoLC)958096050
=040  \\$aFlBoTFG$cFlBoTFG$erda$beng
=050  \4$aHD9698.A2$bF85 2016
=082  04$a333.7924$bF961
=245  04$aThe Fukushima effect :$ba new geopolitical terrain /$cedited by Richard Hindmarsh and Rebecca Priestley.
=264  \1$aNew York, N.Y. :$bRoutledge,$c©2016.
=300  \\$a1 online resource (xix, 298 pages) :$billustrations, text file, PDF
=336  \\$atext$2rdacontent
=337  \\$acomputer$2rdamedia
=338  \\$aonline resource$2rdacarrier
=490  1\$aRoutledge studies in science, technology and society ;$v29
=504  \\$aIncludes bibliographical references and index.
=505  0\$a1. The Fukushima effect : traversing a new geopolitical terrain / Richard Hindmarsh and Rebecca Priestley -- 2. The Fukushima effect in Japan : reflections on political leadership and local governance / Akira Nakamura and Wataru Nishimura -- 3. Taiwan's civil society in action : anti-nuclear movements pre- and post-Fukushima / Dung-Sheng Chen -- 4. The Korean case of nuclear energy policy pre- and post-Fukushima / Hyomin Kim -- 5. China's civil nuclear power development : shifts from government to risk governance? / Xiang Fang -- 6. The Fukushima effect on India's science, technology (nuclear energy), and environmental governance / Anupam Jha -- 7. Nuclear exceptionalism in the former Soviet Union after Chernobyl and Fukushima / Andrei Stsiapanau -- 8. Socio-technical imaginations of nuclear waste disposal in UK and Finland / Susan Molyneux-Hodgson and Marika Hietala -- 9. Germany's Energiewende after Fukushima : nuclear politics at the forefront of change / Detlef Jahn and Sebastian Stephan -- 10. Swiss risk governance of nuclear energy after Fukushima, and citizen perspectives / Fabienne Crettaz von Roten -- 11. France, the nuclear revival and the post-Fukushima landscape / Joseph Szarka -- 12. A question of confidence : nuclear waste and public trust in the United States after Fukushima / William J. Kinsella -- 13. The Fukushima effect in New Zealand : a historical perspective from a "nuclear-free" country / Rebecca Priestley -- 14. The effect of the Fukushima effect : from strong to weak / Richard Hindmarsh and Rebecca Priestley.
=530  \\$aAlso available in print format.
=650  \0$aEnergy development$xPolitical aspects.
=650  \0$aFukushima Nuclear Disaster, Japan, 2011$xPolitical aspects.
=650  \0$aNuclear energy$xGovernment policy.
=650  \0$aNuclear industry$xGovernment policy.
=650  \0$aNuclear power plants$xSafety measures$xGovernment policy.
=655  \7$aElectronic books.$2lcsh
=700  1\$aHindmarsh, R. A.$q(Richard A.)
=700  1\$aPriestley, Rebecca,$d1967-
=776  08$iPrint version: $z9781138830783$q(Hardback)$w(DLC) 2015025277
=793  0\$aTaylor & Francis online monographs (UCSD)
=830  \0$aRoutledge studies in science, technology and society ;$v29.
=856 40$zTaylor & Francis. Restricted to UCSD IP addresses.$uhttps://www.taylorfrancis.com/books/9781317568889

