=LDR  04441cam a2200493Ii 4500
=001  TF9781315767444
=003  FlBoTFG
=005  20180331111825.0
=006  m\\\\\o\\d\\\\\\\\
=007  cr\\\\\\\\\\\\
=008  180331s2015\\\\enk\\\\\obf\\\001\0\eng\d
=020  \\$a9781317663461 (e-book: PDF)$q(e-book : PDF)
=020  \\$z9781317663461$q(e-book: PDF)
=020  \\$z9781317663454$q(e-book: ePub)
=020  \\$z9781317663447$q(e-book: Mobi)
=020  \\$z9781138129788$q(hardback)
=020  \\$z9780415723053$q(paperback)
=020  \\$a9781315767444 (e-book)
=020  \\$a9781317663447 (e-book: Mobi)
=020  \\$a9781317663454 (e-book: ePub)
=020  \\$a9781138129788 (hardback)
=020  \\$a9780415723053 (paperback)
=024  7\$a10.4324/9781315767444 $2doi
=035  \\$a(OCoLC)897456761
=040  \\$aFlBoTFG$cFlBoTFG$erda$beng
=050  \4$aK2390$b.C63 2015
=082  04$a347.09$bC521
=100  1\$aChern, Cyril.,$eauthor.
=245  14$aThe commercial mediator's handbook /$cCyril Chern.
=264  \1$aAbingdon, Oxon ;$aNew York, N.Y. :$bInforma Law from Routledge,$c©2015.
=300  \\$a1 online resource (xii, 410 pages) :$btext file, PDF
=336  \\$atext$2rdacontent
=337  \\$acomputer$2rdamedia
=338  \\$aonline resource$2rdacarrier
=504  \\$aIncludes bibliographical references and index.
=505  0\$a1. The dispute process : why settle? -- 2. Why mediate? : it is an old story -- 3. Why mediate today? -- 4. The development of contemporary mediation worldwide -- 5. The process -- 6. Interests and negotiation -- 7. conducting a mediation session -- 8. Preventing settlement remorse in mediation -- 9. Mediation party forms, questionnaire and documents -- 10. The mediator's pre-mediation information and dispute management -- 11. Structured mediation boards : forms and documents -- 12. What does the mediator do? -- 13. Mediator control and payment -- 14. Mediation commencement and other issues -- 15. Finding the truth -- 16. Mediation styles -- 17. Commercial mediation techniques -- 18. Procedures, proceedings and checklists -- 19. Reaching agreement -- 20. Mediator ethics -- 21. Special forms and agreements -- 22. Legal issues in mediation -- 23. Additional mediation forms and agreements -- 24. Representing parties in mediation -- 25. Advanced techniques.
=520  \\$a"Mediation as a method of dispute resolution is well known and practised worldwide, and this book provides the knowledge necessary for those actively involved in mediation work as well as for those who need to learn the process. This is an invaluable guide on how to mediate, what forms should be used and what techniques can be applied by the mediator to obtain a successful result. It also provides essential guidance on how to deal with large, complex international commercial disputes and their effective administration.  Key features of this book include: In-depth discussion of both the existing and historical international case law on mediation including its history under the British Common law, European Civil law and Muslim Shari'ah law. Analysis of the differences between the various forms of mediation agreements with sample wording to add to or modify these forms as needed. In-depth discussion of the ethical requirements relating to mediation and mediators. Sample forms for use in commencing mediation. In-depth discussion of actual mediations, how they should be conducted, techniques to use and sample forms. General forms for use in complex international mediation, form agenda and mediation statements. Mediator disclosure forms, questionnaires for potential mediators and parties and comparison of mediation agreements and sample forms. Discussion of how to effectively use witnesses and the preparation and presentation of witness statements in mediation. International case studies with statements of claims and responses.This book will be essential reading for those involved in international commercial and construction mediation"--$cProvided by publisher.
=530  \\$aAlso available in print format.
=650  \0$aBusiness enterprises$xLaw and legislation.
=650  \0$aDispute resolution (Law)
=650  \0$aMediation.
=655  \7$aElectronic books.$2lcsh
=776  08$iPrint version: $z9781138129788$q(Hardback)
=793  0\$aTaylor & Francis online monographs (UCSD)
=856 40$zTaylor & Francis. Restricted to UCSD IP addresses.$uhttps://www.taylorfrancis.com/books/9781317663461

