=LDR  02606cam a2200517Ii 4500
=001  TF9781315818702
=003  FlBoTFG
=005  20180331111825.0
=006  m\\\\\o\\d\\\\\\\\
=007  cr\\\\\\\\\\\\
=008  180331s2014\\\\nyua\\\\ob\\\\001\0\eng\d
=020  \\$a9781317817673 (e-book: PDF)$q(e-book : PDF)
=020  \\$z9781317817673$q(e-book: PDF)
=020  \\$z9781317817666$q(e-book: ePub)
=020  \\$z9781317817659$q(e-book: Mobi)
=020  \\$z9780415735902$q(hardback)
=020  \\$z9781138687967$q(paperback)
=020  \\$a9781315818702 (e-book)
=020  \\$a9781317817659 (e-book: Mobi)
=020  \\$a9781317817666 (e-book: ePub)
=020  \\$a9780415735902 (hardback)
=020  \\$a9781138687967 (paperback)
=024  7\$a10.4324/9781315818702 $2doi
=035  \\$a(OCoLC)897460026
=040  \\$aFlBoTFG$cFlBoTFG$erda$beng
=050  \4$aGF71$b.B34 2014
=082  04$a304.25$bB141
=100  1\$aBaer, Hans A.,$d1944-,$eauthor.
=245  14$aThe anthropology of climate change :$ban integrated critical perspective /$cHans A. Baer and Merrill Singer.
=250  \\$aFirst edition.
=264  \1$aNew York :$bRoutledge,$c©2014.
=300  \\$a1 online resource (viii, 244 pages) :$billustrations, text file, PDF
=336  \\$atext$2rdacontent
=337  \\$acomputer$2rdamedia
=338  \\$aonline resource$2rdacarrier
=490  1\$aRoutledge advances in climate change research
=504  \\$aIncludes bibliographical references and index.
=505  0\$a1. Climate turmoil : introducing a socioecological model of human action, environmental impact, and mounting vulnerability -- 2. The emergence and maturation of the anthropology of climate change -- 3. The archaeology of climate change -- 4. Theoretical perspectives in the anthropology of climate change -- 5. Case studies in the anthropology of climate change -- 6. Applications of anthropological research on climate change : implications for public policy and social action -- 7. What other social scientists are saying about climate change -- 8. Conclusion : toward a critical integrated social science of climate change.
=530  \\$aAlso available in print format.
=650  \0$aClimatic changes.
=650  \0$aHuman beings$xEffect of climate on.
=655  \7$aElectronic books.$2lcsh
=700  1\$aSinger, Merrill.
=776  08$iPrint version: $z9780415735902$q(Hardback)$w(DLC) 2013031880
=793  0\$aTaylor & Francis online monographs (UCSD)
=830  \0$aRoutledge advances in climate change research.
=856 40$zTaylor & Francis. Restricted to UCSD IP addresses.$uhttps://www.taylorfrancis.com/books/9781317817673

