=LDR  02661cam a2200553Ii 4500
=001  TF9781315555515
=003  FlBoTFG
=005  20180331102445.0
=006  m\\\\\o\\d\\\\\\\\
=007  cr\\\\\\\\\\\\
=008  180331s2016\\\\enk\\\\\ob\\\\001\0\eng\d
=020  \\$a9781317023869 (e-book: PDF)$q(e-book : PDF)
=020  \\$z9781317023869$q(e-book: PDF)
=020  \\$z9781317023852$q(e-book: ePub)
=020  \\$z9781317023845$q(e-book: Mobi)
=020  \\$z9781472429346$q(hardback)
=020  \\$z9781138546721$q(paperback)
=020  \\$a9781315555515 (e-book)
=020  \\$a9781317023845 (e-book: Mobi)
=020  \\$a9781317023852 (e-book: ePub)
=020  \\$a9781472429346 (hardback)
=020  \\$a9781138546721 (paperback)
=024  7\$a10.4324/9781315555515 $2doi
=035  \\$a(OCoLC)951101485
=040  \\$aFlBoTFG$cFlBoTFG$erda$beng
=050  \4$aHE151$b.M63 2016
=082  04$a303.4832$bM687
=245  04$aThe mobilities paradigm :$bdiscourses and ideologies /$cedited by Marcel Endres, Katharina Manderscheid and Christophe Mincke.
=264  \1$aLondon ;$aNew York :$bRoutledge,$c©2016.
=300  \\$a1 online resource :$btext file, PDF
=336  \\$atext$2rdacontent
=337  \\$acomputer$2rdamedia
=338  \\$aonline resource$2rdacarrier
=490  1\$aTransport and society
=500  \\$a"Over the last two decades, the conceptualisation and empirical analysis of mobilities of people, objects and symbols has become an important strand of social science. Yet, the increasing importance of mobilities in all parts of the social does not only happen as observable practices in the material world but also takes place against the background of changing discourses, scientific theories and conceptualisations and knowledge. Within the formation of these mobilities discourses, the social sciences constitute a relevant actor."
=504  \\$aIncludes bibliographical references and index.
=505  0\$apt. 1. Mobility and normativity -- pt. 2. Mobile subjects -- pt. 3. Mobilised infrastructures.
=530  \\$aAlso available in print format.
=538  \\$aMode of access: World Wide Web.
=650  \0$aCommunication$xSocial aspects.
=650  \0$aPopulation geography.
=650  \0$aTransportation$xSocial aspects.
=655  \7$aElectronic books.$2lcsh
=700  1\$aEndres, Marcel.
=700  1\$aManderscheid, Katharina.
=700  1\$aMincke, Christophe.
=776  08$iPrint version: $z9781472429346(Hardback)$w 2015033033
=793  0\$aTaylor & Francis online monographs (UCSD)
=830  \0$aTransport and society.
=856 40$zTaylor & Francis. Restricted to UCSD IP addresses.$uhttps://www.taylorfrancis.com/books/9781317023869

