=LDR  02520cam a2200553Ii 4500
=001  TF9781315739281
=003  FlBoTFG
=005  20180331111825.0
=006  m\\\\\o\\d\\\\\\\\
=007  cr\\\\\\\\\\\\
=008  180331s2016\\\\enka\\\\ob\\\\001\0\eng\d
=020  \\$a9781317576266 (e-book: PDF)$q(e-book : PDF)
=020  \\$z9781317576266$q(e-book: PDF)
=020  \\$z9781317576259$q(e-book: ePub)
=020  \\$z9781317576242$q(e-book: Mobi)
=020  \\$z9781138826519$q(hardback)
=020  \\$z9781138308633$q(paperback)
=020  \\$a9781315739281 (e-book)
=020  \\$a9781317576242 (e-book: Mobi)
=020  \\$a9781317576259 (e-book: ePub)
=020  \\$a9781138826519 (hardback)
=020  \\$a9781138308633 (paperback)
=024  7\$a10.4324/9781315739281 $2doi
=035  \\$a(OCoLC)958108740
=040  \\$aFlBoTFG$cFlBoTFG$erda$beng
=043  \\$ae------
=050  \4$aGV943.3$b.K46 2016
=082  04$a796.334094$bK361
=100  1\$aKennedy, Peter$c(Sociologist),$eauthor.
=245  10$aFootball in neo-liberal times :$ba Marxist perspective on the European football industry /$cPeter Kennedy and David Kennedy.
=264  \1$aMilton Park, Abingdon, Oxon ;$aNew York :$bRoutledge,$c©2016.
=300  \\$a1 online resource (164 pages) :$billustrations, text file, PDF
=336  \\$atext$2rdacontent
=337  \\$acomputer$2rdamedia
=338  \\$aonline resource$2rdacarrier
=490  1\$aRoutledge research in sport, culture and society ;$v58
=504  \\$aIncludes bibliographical references and index.
=505  0\$a1. The commercialisation of football -- 2. Marxist political economy of the football industry -- 3. Supporters direct Europe : the 'recolonisation' of football fandom -- 4. Europe's stadium revolution -- 5. Europe's ultra football supporters movement -- 6. Grassroots football, autonomous activity and the forging of new social relationships.
=530  \\$aAlso available in print format.
=650  \0$aMarxian economics.
=650  \0$aNeoliberalism.
=650  \0$aSoccer teams$zEurope$xFinance.
=650  \0$aSoccer$xEconomic aspects$zEurope.
=650  \0$aSoccer$xSocial aspects$zEurope.
=655  \7$aElectronic books.$2lcsh
=700  1\$aKennedy, David,$d1961-
=776  08$iPrint version: $z9781138826519$q(Hardback)$w(DLC) 2015031285
=793  0\$aTaylor & Francis online monographs (UCSD)
=830  \0$aRoutledge research in sport, culture and society ;$v58.
=856 40$zTaylor & Francis. Restricted to UCSD IP addresses.$uhttps://www.taylorfrancis.com/books/9781317576266

