=LDR  01918cam a2200469Ii 4500
=001  TF9781315640761
=003  FlBoTFG
=005  20180331111825.0
=006  m\\\\\o\\d\\\\\\\\
=007  cr\\\\\\\\\\\\
=008  180331s2016\\\\nyu\\\\\ob\\\\001\0\eng\d
=020  \\$a9781317277996 (e-book: PDF)$q(e-book : PDF)
=020  \\$z9781317277996$q(e-book: PDF)
=020  \\$z9781317277989$q(e-book: ePub)
=020  \\$z9781317277972$q(e-book: Mobi)
=020  \\$z9781138905382$q(hardback)
=020  \\$z9781138905399$q(paperback)
=020  \\$a9781315640761 (e-book)
=020  \\$a9781317277972 (e-book: Mobi)
=020  \\$a9781317277989 (e-book: ePub)
=020  \\$a9781138905382 (hardback)
=020  \\$a9781138905399 (paperback)
=024  7\$a10.4324/9781315640761 $2doi
=035  \\$a(OCoLC)958105240
=040  \\$aFlBoTFG$cFlBoTFG$erda$beng
=050  \4$aD16.14$b.A25 2016
=082  04$a907.2$bA161
=100  1\$aAbrams, Lynn.,$eauthor.
=245  10$aOral history theory /$cLynn Abrams.
=250  \\$aSecond edition.
=264  \1$aNew York, N.Y. :$bRoutledge,$c©2016.
=300  \\$a1 online resource (xi, 238 pages) :$btext file, PDF
=336  \\$atext$2rdacontent
=337  \\$acomputer$2rdamedia
=338  \\$aonline resource$2rdacarrier
=504  \\$aIncludes bibliographical references (p. [198]-231) and index.
=505  0\$a1. Introduction : turning practice into theory -- 2. The peculiarities of oral history -- 3. Self -- 4. Subjectivity and intersubjectivity -- 5. Memory -- 6. Narrative -- 7. Performance -- 8. Power -- 9. Trauma and ethics.
=530  \\$aAlso available in print format.
=650  \0$aOral history$xPhilosophy.
=655  \7$aElectronic books.$2lcsh
=776  08$iPrint version: $z9781138905382(Hardback)$w 2016000867
=793  0\$aTaylor & Francis online monographs (UCSD)
=856 40$zTaylor & Francis. Restricted to UCSD IP addresses.$uhttps://www.taylorfrancis.com/books/9781317277996

