=LDR  02292cam a2200493Ii 4500
=001  TF9781134194902
=003  FlBoTFG
=005  20180331111825.0
=006  m\\\\\o\\d\\\\\\\\
=007  cr\\\\\\\\\\\\
=008  180331s2001\\\\enka\\\\ob\\\\001\0\eng\d
=020  \\$a9781134194902$q(e-book: PDF)
=020  \\$z9781315071527$q(e-book : PDF)
=020  \\$z9781138157248$q(hardback)
=020  \\$z9781853836428$q(paperback)
=020  \\$z9781134194971$q(e-book: ePub)
=020  \\$z9781134195046$q(e-book: Mobi)
=020  \\$a9781315071527 (e-book)
=020  \\$a9781134195046 (e-book: Mobi)
=020  \\$a9781134194971 (e-book: ePub)
=020  \\$a9781138157248 (hardback)
=020  \\$a9781853836428 (paperback)
=024  7\$a10.4324/9781315071527 $2doi
=035  \\$a(OCoLC)862745878
=040  \\$aFlBoTFG$cFlBoTFG$erda$beng
=050  \4$aTD883$b.B267 2001
=082  04$a628.53015118$bB269
=100  1\$aBarratt, Rod,$d1947-,$eauthor.
=245  10$aAtmospheric dispersion modelling :$ban introduction to practical applications /$cRod Barratt.
=264  \1$aLondon ;$aSterling, Va. :$bEarthscan,$c©2001.
=300  \\$a1 online resource (xiii, 151 pages) :$billustrations, text file, PDF
=336  \\$atext$2rdacontent
=337  \\$acomputer$2rdamedia
=338  \\$aonline resource$2rdacarrier
=490  1\$aBusiness and environment practitioner series
=504  \\$aIncludes bibliographical references (p. [130]) and index.
=505  0\$ach. 1. Why model air quality? -- ch. 2. Types of model -- ch. 3. Understanding the atmosphere -- ch. 4. Emission inventories -- ch. 5. Gaussian plume dispersion models -- ch. 6. Simple modelling for point and mobile sources -- ch. 7. Refined computer models -- ch. 8. Modelling emergency releases -- ch. 9. Some practical applications -- ch. 10. Modelling guidelines.
=530  \\$aAlso available in print format.
=650  \0$aAir$xPollution$xMathematical models.
=650  \0$aAtmospheric diffusion$xMathematical models.
=655  \7$aElectronic books.$2lcsh
=776  08$iPrint version: $z9781138157248(Hardback)
=793  0\$aTaylor & Francis online monographs (UCSD)
=830  \0$aBusiness and environment practitioner series.
=856 40$zTaylor & Francis. Restricted to UCSD IP addresses.$uhttps://www.taylorfrancis.com/books/9781134194902

