=LDR  02882cam a2200529Ii 4500
=001  TF9781315599823
=003  FlBoTFG
=005  20180331102445.0
=006  m\\\\\o\\d\\\\\\\\
=007  cr\\\\\\\\\\\\
=008  180331s2017\\\\enka\\\\ob\\\\001\0\eng\d
=020  \\$a9781317082873 (e-book: PDF)$q(e-book : PDF)
=020  \\$z9781317082873$q(e-book: PDF)
=020  \\$z9781317082859$q(e-book: Mobi)
=020  \\$z9781472466358$q(hardback)
=020  \\$a9781315599823 (e-book)
=020  \\$a9781317082859 (e-book: Mobi)
=020  \\$a9781472466358 (hardback)
=024  7\$a10.4324/9781315599823 $2doi
=035  \\$a(OCoLC)988278821
=040  \\$aFlBoTFG$cFlBoTFG$erda$beng
=043  \\$ae-gr---$ae------$aff-----
=050  \4$aDE61.P42$bP43 2017
=082  04$a303.660938$bP355
=245  00$aPeace and reconciliation in the classical world /$cedited by E.P. Moloney and Michael Stuart Williams.
=264  \1$aMilton Park, Abingdon, Oxon ;$aNew York, N.Y. :$bRoutledge,$c©2017.
=300  \\$a1 online resource (ix, 208  pages) :$billustrations, text file, PDF
=336  \\$atext$2rdacontent
=337  \\$acomputer$2rdamedia
=338  \\$aonline resource$2rdacarrier
=504  \\$aIncludes bibliographical references and index.
=505  0\$apt. I. Imagining peace in the ancient world -- pt. II. Establishing peace in the ancient world -- pt. III. Instituting peace in the ancient world.
=520  2\$a"Warfare has long been recognised as central to a proper understanding of the classical world, where, as the philosopher Heraclitus observed, war was 'both king and father of all.' More recently, however, an approach to the ancient world solely in such terms has been challenged. War was indeed pervasive, and was a prominent theme among poets and historians; but there was also a distinct value placed on peace, which might be understood not only as the absence of war but as an ideal to be imagined, instituted, and even imposed. This volume places peace at the centre of its concerns and explores classical ideas of peace as both an abstract concept the practical methods of conflict resolution"--Provided by publisher.
=530  \\$aAlso available in print edition.
=538  \\$aMode of access: World Wide Web.
=650  \0$aCivilization, Classical.
=650  \0$aConflict management$xPhilosophy.
=650  \0$aGreece$xHistory, Military$yTo 146 B.C.
=650  \0$aPeace (Philosophy)
=650  \0$aPhilosophy, Ancient.
=650  \0$aReconciliation$xPhilosophy.
=650  \0$aRome$xHistory, Military.
=655  \7$aElectronic books.$2lcsh
=700  1\$aMoloney, E. P.$q(Eoghan P.)
=700  1\$aWilliams, Michael Stuart,$d1977-
=776  08$iPrint version: $z9781472466358(Hardback)$w 2016040553
=793  0\$aTaylor & Francis online monographs (UCSD)
=856 40$zTaylor & Francis. Restricted to UCSD IP addresses.$uhttps://www.taylorfrancis.com/books/9781317082873

