=LDR  01991cam a2200493Ii 4500
=001  TF9781315593814
=003  FlBoTFG
=005  20180331102445.0
=006  m\\\\\o\\d\\\\\\\\
=007  cr\\\\\\\\\\\\
=008  180331r20162015enka\\\\ob\\\\001\0\eng\d
=020  \\$a9781317100904 (e-book: PDF)$q(e-book : PDF)
=020  \\$z9781317100904$q(e-book: PDF)
=020  \\$z9781317100898$q(e-book: ePub)
=020  \\$z9781317100881$q(e-book: Mobi)
=020  \\$z9781472429605$q(hardback)
=020  \\$a9781315593814 (e-book)
=020  \\$a9781317100881 (e-book: Mobi)
=020  \\$a9781317100898 (e-book: ePub)
=020  \\$a9781472429605 (hardback)
=024  7\$a10.4324/9781315593814 $2doi
=035  \\$a(OCoLC)948603529
=040  \\$aFlBoTFG$cFlBoTFG$erda$beng
=050  \4$aHQ1075$b.M37 2016
=082  04$a305.3$bM297
=245  00$aMapping gendered routes and spaces in the early modern world /$cedited by Merry E. Wiesner-Hanks.
=264  \1$aLondon ;$aNew York :$bRoutledge,$c©2016.
=300  \\$a1 online resource (200 pages) :$billustrations, text file, PDF
=336  \\$atext$2rdacontent
=337  \\$acomputer$2rdamedia
=338  \\$aonline resource$2rdacarrier
=500  \\$aFirst published 2015 by Ashgate Publishing.
=504  \\$aIncludes bibliographical references (p. [323]-365) and index.
=505  0\$apt. 1. Frameworks -- pt. 2. Embodied environments -- pt. 3. Communities and networks -- pt. 4. Exchanges.
=530  \\$aAlso available in print format.
=538  \\$aMode of access: World Wide Web.
=650  \0$aGender expression$xHistory.
=650  \0$aSex role$xHistory.
=650  \0$aSpace and time$xHistory.
=650  \0$aWomen$xSocial conditions.
=655  \7$aElectronic books.$2lcsh
=700  1\$aWiesner, Merry E.,$d1952-
=776  08$iPrint version: $z9781472429605(Hardback)$w 2014035203
=793  0\$aTaylor & Francis online monographs (UCSD)
=856 40$zTaylor & Francis. Restricted to UCSD IP addresses.$uhttps://www.taylorfrancis.com/books/9781317100904

