=LDR  02196cam a2200457Ii 4500
=001  TF9781315645049
=003  FlBoTFG
=005  20180331111825.0
=006  m\\\\\o\\d\\\\\\\\
=007  cr\\\\\\\\\\\\
=008  180331s2017\\\\nyua\\\\ob\\\\001\0\eng\d
=020  \\$a9781317290834 (e-book: PDF)$q(e-book : PDF)
=020  \\$z9781317290834$q(e-book: PDF)
=020  \\$z9781317290810$q(e-book: Mobi)
=020  \\$z9781138184589$q(hardback)
=020  \\$a9781315645049 (e-book)
=020  \\$a9781317290810 (e-book: Mobi)
=020  \\$a9781138184589 (hardback)
=024  7\$a10.4324/9781315645049 $2doi
=035  \\$a(OCoLC)994515571
=040  \\$aFlBoTFG$cFlBoTFG$erda$beng
=050  \4$aN4396$b.K66 2017
=082  04$a701.03$bK819
=100  1\$aKompatsiaris, Panos.,$eauthor.
=245  14$aThe politics of contemporary art biennials :$bspectacles of critique, theory and art /$cPanos Kompatsiaris.
=264  \1$aNew York :$bRoutledge,$c©2017.
=300  \\$a1 online resource (197 pages) :$billustrations, text file, PDF
=336  \\$atext$2rdacontent
=337  \\$acomputer$2rdamedia
=338  \\$aonline resource$2rdacarrier
=490  1\$aRoutledge advances in art and visual studies ;$v23
=504  \\$aIncludes bibliographical references and index.
=505  0\$a1. Introduction : biennials, politics, critique -- 2. Histories, values and subjectivities -- 3. The biennial-form, social visions and curatorial authorship -- 4. Gaps between words and deeds, social movements and legitimacy crisis -- 5. 7th Berlin biennale : enacting dissent, forget fear and occupy -- 6. 3rd Athens biennale : reflective indeterminacy, MONODROME and the failure of the nation -- 7. Conclusion : on being contemporary.
=530  \\$aAlso available in print format.
=650  \0$aArt and society.
=650  \0$aArt$xEconomic aspects.
=650  \0$aBiennials (Art fairs)
=655  \7$aElectronic books.$2lcsh
=776  08$iPrint version: $z9781138184589(Hardback)$w 2016044955
=793  0\$aTaylor & Francis online monographs (UCSD)
=830  \0$aRoutledge advances in art and visual studies ;$v23.
=856 40$zTaylor & Francis. Restricted to UCSD IP addresses.$uhttps://www.taylorfrancis.com/books/9781317290834

