=LDR  02458cam a2200469Ii 4500
=001  TF9781315743875
=003  FlBoTFG
=005  20180331111825.0
=006  m\\\\\o\\d\\\\\\\\
=007  cr\\\\\\\\\\\\
=008  180331s2017\\\\enk\\\\\ob\\\\001\0\eng\d
=020  \\$a9781317590439 (e-book: PDF)$q(e-book : PDF)
=020  \\$z9781317590439$q(e-book: PDF)
=020  \\$z9781317590415$q(e-book: Mobi)
=020  \\$z9781138820487$q(hardback)
=020  \\$z9781138820494$q(paperback)
=020  \\$a9781315743875 (e-book)
=020  \\$a9781317590415 (e-book: Mobi)
=020  \\$a9781138820487 (hardback)
=020  \\$a9781138820494 (paperback)
=024  7\$a10.4324/9781315743875 $2doi
=035  \\$a(OCoLC)980304569
=040  \\$aFlBoTFG$cFlBoTFG$erda$beng
=050  \4$aGV713$bA5 2017
=082  04$a796.069$bA438
=100  1\$aAllison, Lincoln.,$eauthor.
=245  10$aUnderstanding international sport organisations :$bprinciples, power and possibilities /$cLincoln Allison and Alan Tomlinson.
=246  3\$aUnderstanding international sport organizations
=264  \1$aLondon ;$aNew York, N.Y. :$bRoutledge,$c©2017.
=300  \\$a1 online resource (xiii, 243 pages) :$btext file, PDF
=336  \\$atext$2rdacontent
=337  \\$acomputer$2rdamedia
=338  \\$aonline resource$2rdacarrier
=504  \\$aIncludes bibliographical references and index.
=505  0\$a1. The origins and nature of modern sport -- 2. The consequent characteristics of international sport -- 3. Alternative sources of sporting practice -- 4. Founding global institutions : the origins and development of the IOC and FIFA, 1894-1938 -- 5. How Mercurius was finally unbound : SINGOs and twentieth-century history -- 6. Conceptualising INGOs and SINGOs -- 7. The hegemonic SINGO and the shaping of global sport : the IOC and its Olympic behemoth -- 8. Mega-SINGO in crisis : FIFA's collapse of confidence and credibility -- 9. A pattern of SINGOs? -- 10. Conclusion : SINGOs : inevitable but inevitably problematic?
=530  \\$aAlso available in print format.
=650  \0$aSports administration$xInternational cooperation.
=650  \0$aSports and globalization.
=655  \7$aElectronic books.$2lcsh
=700  1\$aTomlinson, Alan.
=776  08$iPrint version: $z9781138820487$q(Hardback)$w(DLC) 2016045968
=793  0\$aTaylor & Francis online monographs (UCSD)
=856 40$zTaylor & Francis. Restricted to UCSD IP addresses.$uhttps://www.taylorfrancis.com/books/9781317590439

