=LDR  03816cam a2200565Ii 4500
=001  TF9781315713878
=003  FlBoTFG
=005  20180331111825.0
=006  m\\\\\o\\d\\\\\\\\
=007  cr\\\\\\\\\\\\
=008  180331s2015\\\\nyuacd\\ob\\\\001\0\eng\d
=020  \\$a9781317499312 (e-book: PDF)$q(e-book : PDF)
=020  \\$z9781317499312$q(e-book: PDF)
=020  \\$z9781317499305$q(e-book: ePub)
=020  \\$z9781317499299$q(e-book: Mobi)
=020  \\$z9781138887855$q(hardback)
=020  \\$a9781315713878 (e-book)
=020  \\$a9781317499299 (e-book: Mobi)
=020  \\$a9781317499305 (e-book: ePub)
=020  \\$a9781138887855 (hardback)
=024  7\$a10.4324/9781315713878 $2doi
=035  \\$a(OCoLC)958110059
=040  \\$aFlBoTFG$cFlBoTFG$erda$beng
=043  \\$an-us---
=050  \4$aGV863.A1$bC3727 2015
=082  04$a796.357640904$bC319
=100  1\$aCarroll, Brian,$d1965-,$eauthor.
=245  14$aThe Black press and Black baseball, 1915-1955 :$ba devil's bargain /$cBrian Carroll.
=264  \1$aNew York :$bRoutledge,$c©2015.
=300  \\$a1 online resource (xiii, 160 pages) :$billustrations, text file, PDF
=336  \\$atext$2rdacontent
=337  \\$acomputer$2rdamedia
=338  \\$aonline resource$2rdacarrier
=490  1\$aRoutledge research in sports history ;$v8
=504  \\$aIncludes bibliographical references and index.
=505  0\$ach. 1. The great newspaper war of 1915 -- ch. 2. The Jazz Age : the Black press, sports, and poetry -- ch. 3. "A perfect baseball day" : the East-West Classic -- ch. 4. "This is it!" : Jackie Robinson and Wendell Smith in Brooklyn, 1947 -- ch. 5. Sacrificing the "Golden Goose" on the altar of integration -- ch. 6. Desperate measures : the scouting campaigns and baseball academies of the 1950s -- ch. 7. The stubborn south : the desegregation of spring training in the early 1960s.
=520  \\$a"This book brings into dramatic relief the dilemma, or devil's bargain, that faced the black press in first building up black baseball, then crusading for the sport's integration and, as a result of that largely successful campaign, ultimately encouraging and even ensuring the demise of those same black leagues. Taking a thematic approach, this book focuses each of its chapters on a singular event or phenomenon from and for each decade of the period covered, a period that spans the roughly four decades of the black leagues' existence. Thus, the book drills down on a handful of representative events and phenomena to present a history of the black press and black baseball. Themes include the many ways team owners and the weekly newspapers' editors and writers worked in concert to build up the leagues, the paired fortunes of black players and black writers, the desperation to save the Negro leagues when it became clear integration threatened their survival, and finally the black press's response to the residues of baseball's decades of segregation"--$cProvided by publisher.
=530  \\$aAlso available in print format.
=650  \0$aAfrican American baseball players$xHistory.
=650  \0$aAfrican American newspapers$xHistory$y20th century.
=650  \0$aAfrican American press$xHistory$y20th century.
=650  \0$aAfrican Americans in mass media$xHistory$y20th century.
=650  \0$aBaseball$zUnited States$xHistory$y20th century.
=650  \0$aDiscrimination in sports$zUnited States.
=650  \0$aMass media and sports$zUnited States.
=650  \0$aNegro leagues$xHistory.
=655  \7$aElectronic books.$2lcsh
=776  08$iPrint version: $z9781138887855$q(Hardback)$w(DLC)  2015006445
=793  0\$aTaylor & Francis online monographs (UCSD)
=830  \0$aRoutledge research in sports history ;$v8.
=856 40$zTaylor & Francis. Restricted to UCSD IP addresses.$uhttps://www.taylorfrancis.com/books/9781317499312

