=LDR  02056cam a2200481Ii 4500
=001  TF9781315713915
=003  FlBoTFG
=005  20180331111825.0
=006  m\\\\\o\\d\\\\\\\\
=007  cr\\\\\\\\\\\\
=008  180331s2017\\\\nyua\\\\ob\\\\001\0\eng\d
=020  \\$a9781317499435 (e-book: PDF)$q(e-book : PDF)
=020  \\$z9781317499435$q(e-book: PDF)
=020  \\$z9781317499411$q(e-book: Mobi)
=020  \\$z9781138887817$q(hardback)
=020  \\$z9781138887824$q(paperback)
=020  \\$a9781315713915 (e-book)
=020  \\$a9781317499411 (e-book: Mobi)
=020  \\$a9781138887817 (hardback)
=020  \\$a9781138887824 (paperback)
=024  7\$a10.4324/9781315713915 $2doi
=035  \\$a(OCoLC)970384187
=040  \\$aFlBoTFG$cFlBoTFG$erda$beng
=050  \4$aML3918.J39$bJ38 2017
=082  04$a781.6509$bJ429
=245  00$aJazz and totalitarianism /$cedited by Bruce Johnson ; with advisory editors Pedro Cravinho and Heli Reimann.
=264  \1$aNew York, N.Y. ;$aAbingdon, Oxon :$bRoutledge,$c©2017.
=300  \\$a1 online resource (xviii, 364 pages) :$billustrations, text file, PDF
=336  \\$atext$2rdacontent
=337  \\$acomputer$2rdamedia
=338  \\$aonline resource$2rdacarrier
=490  1\$aTransnational studies in jazz
=504  \\$aIncludes bibliographical references and index.
=505  0\$apt. I. Totalitarian templates -- pt. II. In the Soviet shadow -- pt. III. Iberia : Spain -- pt. IV. Iberia : Portugal -- pt. V. Apartheid South Africa -- pt. VI. To the East.
=530  \\$aAlso available in print format.
=650  \0$aJazz$xHistory and criticism.
=650  \0$aJazz$xPolitical aspects$xHistory$y20th century.
=650  \0$aTotalitarianism and music.
=655  \7$aElectronic books.$2lcsh
=700  1\$aJohnson, Bruce,$d1943-
=776  08$iPrint version: $z9781138887817$q(Hardback)$w(DLC) 2015035489
=793  0\$aTaylor & Francis online monographs (UCSD)
=830  \0$aTransnational studies in jazz.
=856 40$zTaylor & Francis. Restricted to UCSD IP addresses.$uhttps://www.taylorfrancis.com/books/9781317499435

