=LDR  01957cam a2200433Ii 4500
=001  TF9781315223148
=003  FlBoTFG
=005  20180330125217.0
=006  m\\\\\o\\d\\\\\\\\
=007  cr\\\\\\\\\\\\
=008  180331s2017\\\\enkaf\\\ob\\\\001\0\eng\d
=020  \\$a9781351840019 (e-book: PDF)$q(e-book : PDF)
=020  \\$z9781351840019$q(e-book: PDF)
=020  \\$z9781351839990$q(e-book: Mobi)
=020  \\$z9781472489449$q(hardback)
=020  \\$a9781315223148 (e-book)
=020  \\$a9781351839990 (e-book: Mobi)
=020  \\$a9781472489449 (hardback)
=024  7\$a10.4324/9781315223148 $2doi
=035  \\$a(OCoLC)995486422
=040  \\$aFlBoTFG$cFlBoTFG$erda$beng
=043  \\$aa-ii---
=050  \4$aGT3370$b.R36 2017
=082  04$a393.9$bR175
=100  1\$aRamos, Imma.,$eauthor.
=245  10$aPilgrimage and politics in colonial Bengal :$bthe myth of the goddess Sati /$cImma Ramos.
=264  \1$aLondon ;$aNew York :$bRoutledge,$c©2017.
=300  \\$a1 online resource (viii, 126 pages) :$billustrations, text file, PDF
=336  \\$atext$btxt$2rdacontent
=337  \\$acomputer$bc$2rdamedia
=338  \\$aonline resource$bcr$2rdacarrier
=504  \\$aIncludes bibliographical references and index.
=505  0\$a1. Kalighat souvenirs and the creation of Sati's iconography -- 2. Kamakhya's erotic-apotropaic potency and the forging of sacred geography -- 3. Tantra's revolutionary potential : Tarapith and Bamakhepa's visualisation of Tara -- 4. Contesting the colonial gaze : image worship debates in nineteenthcentury Bengal.
=530  \\$aAlso available in print edition.
=650  \0$aSati$zIndia$zBengal.
=651  \0$aIndia$xHistory$yBritish occupation, 1765-1947.
=655  \7$aElectronic books.$2lcsh
=776  08$iPrint version: $z9781472489449(Hardback)$w 2017285584
=793  0\$aTaylor & Francis online monographs (UCSD)
=856 40$zTaylor & Francis. Restricted to UCSD IP addresses.$uhttps://www.taylorfrancis.com/books/9781351840019

