=LDR  02387cam a2200565Ii 4500
=001  TF9781315575063
=003  FlBoTFG
=005  20180331102445.0
=006  m\\\\\o\\d\\\\\\\\
=007  cr\\\\\\\\\\\\
=008  180331s2017\\\\enkad\\\ob\\\\001\0\eng\d
=020  \\$a9781317157151 (e-book: PDF)$q(e-book : PDF)
=020  \\$z9781317157151$q(e-book: PDF)
=020  \\$z9781317157137$q(e-book: Mobi)
=020  \\$z9781472486141$q(hardback)
=020  \\$a9781315575063 (e-book)
=020  \\$a9781317157137 (e-book: Mobi)
=020  \\$a9781472486141 (hardback)
=024  7\$a10.4324/9781315575063 $2doi
=035  \\$a(OCoLC)988382605
=040  \\$aFlBoTFG$cFlBoTFG$erda$beng
=043  \\$aa-ch---$aa-cc-hk
=050  \4$aKNP205$b.J66 2017
=082  04$a320.95125$bL415
=245  00$aLaw and politics of the Taiwan sunflower and Hong Kong umbrella movements /$cedited by Brian Christopher Jones.
=264  \1$aAbingdon, Oxon [U.K.] ;$aNew York :$bRoutledge,$c©2017.
=300  \\$a1 online resource :$billustrations, text file, PDF
=336  \\$atext$2rdacontent
=337  \\$acomputer$2rdamedia
=338  \\$aonline resource$2rdacarrier
=490  1\$aRule of law in China and comparative perspectives
=504  \\$aIncludes bibliographical references and index.
=505  0\$apt. 1. The Taiwan sunflower movement -- pt. 2. The Hong Kong umbrella movement -- pt. 3. Comparative elements involving Taiwan and Hong Kong -- pt. 4. Wider perspectives on the movements.
=530  \\$aAlso available in print edition.
=538  \\$aMode of access: World Wide Web.
=650  \0$aCivil disobedience$zChina$zHong Kong.
=650  \0$aCivil disobedience$zTaiwan.
=650  \0$aConstitutional law$zChina$zHong Kong.
=650  \0$aConstitutional law$zTaiwan.
=650  \0$aDemocratization$zChina$zHong Kong.
=650  \0$aDemocratization$zTaiwan.
=650  \0$aLaw reform$zChina$zHong Kong.
=650  \0$aLaw reform$zTaiwan.
=650  \0$aRule of law$zChina$zHong Kong.
=650  \0$aRule of law$zTaiwan.
=655  \7$aElectronic books.$2lcsh
=700  1\$aJones, Brian Christopher.
=776  08$iPrint version: $z9781472486141(Hardback)$w 2016042130
=793  0\$aTaylor & Francis online monographs (UCSD)
=830  \0$aRule of law in China and comparative perspectives.
=856 40$zTaylor & Francis. Restricted to UCSD IP addresses.$uhttps://www.taylorfrancis.com/books/9781317157151

