=LDR  02219cam a2200469Ii 4500
=001  TF9781315637372
=003  FlBoTFG
=005  20180331111825.0
=006  m\\\\\o\\d\\\\\\\\
=007  cr\\\\\\\\\\\\
=008  180331s2016\\\\enk\\\\\ob\\\\001\0\eng\d
=020  \\$a9781317267843 (e-book: PDF)$q(e-book : PDF)
=020  \\$z9781317267843$q(e-book: PDF)
=020  \\$z9781317267836$q(e-book: ePub)
=020  \\$z9781317267829$q(e-book: Mobi)
=020  \\$z9781138639195$q(hardback)
=020  \\$a9781315637372 (e-book)
=020  \\$a9781317267829 (e-book: Mobi)
=020  \\$a9781317267836 (e-book: ePub)
=020  \\$a9781138639195 (hardback)
=024  7\$a10.4324/9781315637372 $2doi
=035  \\$a(OCoLC)952730384
=040  \\$aFlBoTFG$cFlBoTFG$erda$beng
=050  \4$aHB74.P8$bH45 2016
=082  04$a330.019$bH465
=100  1\$aHeidl, Stefan.,$eauthor.
=245  10$aPhilosophical problems of behavioral economics /$cStefan Heidl.
=264  \1$aLondon ;$aNew York :$bRoutledge,$c©2016.
=300  \\$a1 online resource (ix, 164 pages) :$btext file, PDF
=336  \\$atext$2rdacontent
=337  \\$acomputer$2rdamedia
=338  \\$aonline resource$2rdacarrier
=490  1\$aRoutledge INEM advances in economic methodology ;$v15
=504  \\$aIncludes bibliographical references and index.
=505  0\$a1. Introduction -- 2. The ontological status of economic preferences -- 3. Selectionist arguments against a deidealisation of economics -- 4. Aggregation and the deidealisation of economic theory -- 5. Explanatory autonomy and intertheoretic relations -- 6. Localising anomalies of economic theory -- 7. The structure of behavioural economic theories -- 8. Models in economics: standard and behavioural -- 9. Conclusion.
=530  \\$aAlso available in print format.
=650  \0$aEconomics$xPhilosophy.
=650  \0$aEconomics$xPsychological aspects$xPhilosophy.
=655  \7$aElectronic books.$2lcsh
=776  08$iPrint version: $z9781138639195(Hardback)$w 2015047387
=793  0\$aTaylor & Francis online monographs (UCSD)
=830  \0$aRoutledge INEM advances in economic methodology ;$v15.
=856 40$zTaylor & Francis. Restricted to UCSD IP addresses.$uhttps://www.taylorfrancis.com/books/9781317267843

