=LDR  02451cam a2200505Ii 4500
=001  TF9781315572826
=003  FlBoTFG
=005  20180330125217.0
=006  m\\\\\o\\d\\\\\\\\
=007  cr\\\\\\\\\\\\
=008  180331r20162016enkae\\\ob\\\\001\0deng\d
=020  \\$a9781317163879 (e-book: PDF)$q(e-book : PDF)
=020  \\$z9781317163879$q(e-book: PDF)
=020  \\$z9781317163862$q(e-book: ePub)
=020  \\$z9781317163855$q(e-book: Mobi)
=020  \\$z9781472478139$q(hardback)
=020  \\$a9781315572826 (e-book)
=020  \\$a9781317163855 (e-book: Mobi)
=020  \\$a9781317163862 (e-book: ePub)
=020  \\$a9781472478139 (hardback)
=024  7\$a10.4324/9781315572826 $2doi
=035  \\$a(OCoLC)949274786
=040  \\$aFlBoTFG$cFlBoTFG$erda$beng
=043  \\$ae-it---
=050  \4$aPN2686.V42$bC37 2016
=082  04$a700.94531109031$bC319
=100  1\$aCarroll, Linda L.,$eauthor.
=245  10$aCommerce, peace and the arts in Renaissance Venice :$bRuzante and the empire at center stage /$cLinda L. Carroll.
=264  \1$aLondon :$bRoutledge,$c©2016.
=300  \\$a1 online resource (x, 178 pages) :$billustrations, text file, PDF
=336  \\$atext$btxt$2rdacontent
=337  \\$acomputer$bc$2rdamedia
=338  \\$aonline resource$bcr$2rdacarrier
=500  \\$aFirst published 2016 by Routledge.
=504  \\$aIncludes bibliographical references and index.
=505  0\$a1. Twelve monuments, five altarpieces, five chapels and a fresco : Frari patronage and Renaissance Venetian political economy -- 2. Bodleian Library Canonician Ital. 36 : Stefano Magno and the move from commerce to culture -- 3. Concordiae dedicatum : the triumphanti, the Beolco, and the politics of prosperity in Renaissance Venice -- 4. 1526 : state lotteries, the final Ruzantine performance, and a Machiavellian coda.
=530  \\$aAlso available in print format.
=600  00$aRuzzante,$d1502?-1542$xStage history$zItaly.
=650  \0$aArt patronage$zItaly$zVenice$xHistory$y16th century.
=650  \0$aItalian literature$y16th century$xHistory and criticism$vSources.
=650  \0$aRenaissance$zItaly$zVenice.
=650  \0$aTheater$zItaly$zVenice$xHistory$y16th century.
=655  \7$aElectronic books.$2lcsh
=776  08$iPrint version: $z9781472478139(Hardback)$w 2015043206
=793  0\$aTaylor & Francis online monographs (UCSD)
=856 40$zTaylor & Francis. Restricted to UCSD IP addresses.$uhttps://www.taylorfrancis.com/books/9781317163879

