=LDR  01960cam a2200457Ii 4500
=001  TF9781315736891
=003  FlBoTFG
=005  20180331111825.0
=006  m\\\\\o\\d\\\\\\\\
=007  cr\\\\\\\\\\\\
=008  180331s2016\\\\enkad\\\ob\\\\001\0\eng\d
=020  \\$a9781317568438 (e-book: PDF)$q(e-book : PDF)
=020  \\$z9781317568438$q(e-book: PDF)
=020  \\$z9781317568421$q(e-book: ePub)
=020  \\$z9781317568414$q(e-book: Mobi)
=020  \\$z9781138830936$q(hardback)
=020  \\$z9780815372516$q(paperback)
=020  \\$a9781315736891 (e-book)
=020  \\$a9781317568414 (e-book: Mobi)
=020  \\$a9781317568421 (e-book: ePub)
=020  \\$a9781138830936 (hardback)
=020  \\$a9780815372516 (paperback)
=024  7\$a10.4324/9781315736891 $2doi
=035  \\$a(OCoLC)958107977
=040  \\$aFlBoTFG$cFlBoTFG$erda$beng
=050  \4$aBJ1533.G8$bP47 2016
=082  04$a179.9$bP467
=245  00$aPerspectives on gratitude :$ban interdisciplinary approach /$cedited by David Carr.
=264  \1$aLondon ;$aNew York :$bRoutledge,$c©2016.
=300  \\$a1 online resource (xiv, 241 pages) :$billustrations, text file, PDF
=336  \\$atext$2rdacontent
=337  \\$acomputer$2rdamedia
=338  \\$aonline resource$2rdacarrier
=504  \\$aIncludes bibliographical references and index.
=505  0\$apt. 1. Gratitude and flourishing : psychology and morality -- pt. 2. Gratitude and related concepts -- pt. 3. Problems about gratitude -- pt. 4. Spiritual and religious dimensions of gratitude -- pt. 5. Gratitude interventions in education and research.
=530  \\$aAlso available in print format.
=650  \0$aGratitude.
=655  \7$aElectronic books.$2lcsh
=700  1\$aCarr, David,$d1940-
=776  08$iPrint version: $z9781138830936$q(Hardback)$w(DLC) 2015033989
=793  0\$aTaylor & Francis online monographs (UCSD)
=856 40$zTaylor & Francis. Restricted to UCSD IP addresses.$uhttps://www.taylorfrancis.com/books/9781317568438

