=LDR  03380cam a2200565Ii 4500
=001  TF9781315647265
=003  FlBoTFG
=005  20180331102445.0
=006  m\\\\\o\\d\\\\\\\\
=007  cr\\\\\\\\\\\\
=008  130331m20169999nyuad\\\ob\\\\011\0deng\d
=020  \\$a9781317297499 (e-book: PDF)$q(e-book : PDF)
=020  \\$z9781317297499$q(e-book: PDF)
=020  \\$z9781317297482$q(e-book: ePub)
=020  \\$z9781317297475$q(e-book: Mobi)
=020  \\$z9781138125773$q(hardback)
=020  \\$z9781138600270$q(paperback)
=020  \\$a9781315647265 (e-book)
=020  \\$a9781317297475 (e-book: Mobi)
=020  \\$a9781317297482 (e-book: ePub)
=020  \\$a9781138125773 (hardback)
=020  \\$a9781138600270 (paperback)
=024  7\$a10.4324/9781315647265 $2doi
=035  \\$a(OCoLC)950638948
=035  \\$a(OCoLC)950638949
=040  \\$aFlBoTFG$cFlBoTFG$erda$beng
=050  \4$aBF39$b.H688 2016
=082  04$a153.0151$bH839
=245  00$aMathematical models of perception and cognition /$cedited by Joseph W. Houpt and Leslie M. Blaha.
=246  14$aMathematical models of perception and cognition :$ba festschrift for James T. Townsend
=250  \\$aFirst edition.
=264  \1$aNew York :$bRoutledge,$c©2016-
=300  \\$a1 online resource (2 volume pages) :$billustrations, text file, PDF
=336  \\$atext$2rdacontent
=337  \\$acomputer$2rdamedia
=338  \\$aonline resource$2rdacarrier
=490  1\$aScientific psychology ;$v24
=504  \\$aIncludes bibliographical references and index.
=505  00$tchapter 1 The Neural Basis of General Recognition Theory /$rF. GREGORY ASHBY AND FABIAN A. SOTO -- $tchapter 2 Visual Processing Capacity /$rSØREN KYLLINGSBÆK -- $tchapter 3 On the Relationship Between Perceived Structural Complexity and Temporal Judgments /$rRONALDO VIGO -- $tchapter 4 The Mental Representation of Roman Letters: Revisiting Townsend’s 1971 Letter-Identification Data /$rPETER CASSEY -- $tchapter 5 Exposing the Hidden Ideal /$rSTEPHEN W. LINK -- $tchapter 6 Hearing What We See: The Temporal Dynamics of Audiovisual Speech Integration /$rNICHOLAS ALTIERI -- $tchapter 7 Processing Characteristics of Monaural Tone Detection: A Reaction-Time Perspective on a Classic Psychoacoustic Problem /$rJENNIFER J. LENTZ -- $tchapter 8 Characterizing and Quantifying Human Bandwidth: On the Utility and Criticality of the Construct of Capacity /$rMICHAEL J. WENGER -- $tchapter 9 Modeling Stress Effects on Coping-Related Cognition /$rRICHARD W. J. NEUFELD -- $tchapter 10 Systems Factorial Technology Provides New Insights on the Perceptual Comparison and Decision Process in Change Detection /$rCHENG-TA YANG -- $tchapter 11 Combining the Capacity Coefficient with Statistical Learning to Explore Individual Differences /$rLESLIE M. BLAHA.
=530  \\$aAlso available in print format.
=600  10$aTownsend, James T.
=650  \0$aCognitive psychology.
=650  \0$aPsychology$xMathematical models.
=655  \7$aElectronic books.$2lcsh
=700  1\$aBlaha, Leslie M.
=700  1\$aHoupt, Joseph W.
=700  1\$aTownsend, James T.
=776  08$iPrint version: $z9781138125773(Hardback)$w 2015049077
=793  0\$aTaylor & Francis online monographs (UCSD)
=830  \0$aScientific psychology series ;$v24.
=856 40$zTaylor & Francis. Restricted to UCSD IP addresses.$uhttps://www.taylorfrancis.com/books/9781317297499

