=LDR  02147cam a2200481Ii 4500
=001  TF9781315474014
=003  FlBoTFG
=005  20180330125217.0
=006  m\\\\\o\\d\\\\\\\\
=007  cr\\\\\\\\\\\\
=008  180331s2017\\\\enkab\\\ob\\\\001\0\eng\d
=020  \\$a9781315474007 (e-book: PDF)$q(e-book : PDF)
=020  \\$z9781315474007$q(e-book: PDF)
=020  \\$z9781315473987$q(e-book: Mobi)
=020  \\$z9781611323320$q(hardback)
=020  \\$z9781611323337$q(paperback)
=020  \\$a9781315474014 (e-book)
=020  \\$a9781315473987 (e-book: Mobi)
=020  \\$a9781611323320 (hardback)
=020  \\$a9781611323337 (paperback)
=024  7\$a10.4324/9781315474014 $2doi
=035  \\$a(OCoLC)963935505
=040  \\$aFlBoTFG$cFlBoTFG$erda$beng
=050  \4$aSD387.C37$bC36735 2017
=082  04$a632.1$bT374
=245  04$aThe carbon fix :$bforest carbon, social justice, and environmental governance /$cedited by Stephanie Paladino and Shirley J. Fiske.
=264  \1$aNew York ;$aLondon :$bRoutledge,$c©2017.
=300  \\$a1 online resource (xxiii, 331 pages) :$billustrations, text file, PDF
=336  \\$atext$btxt$2rdacontent
=337  \\$acomputer$bc$2rdamedia
=338  \\$aonline resource$bcr$2rdacarrier
=504  \\$aIncludes bibliographical references and index.
=505  0\$aSection 1. Framing the carbon regime in the context of global trends -- Section 2. Accounting and accountability -- Section 3. National and subnational framings -- Section 4. REDD, rights, and equity -- Section 5. Alternative configurations of community and governance.
=530  \\$aAlso available in print format.
=650  \0$aCarbon sequestration.
=650  \0$aClimate change mitigation.
=650  \0$aClimatic changes$xPolitical aspects.
=650  \0$aClimatic changes$xSocial aspects.
=655  \7$aElectronic books.$2lcsh
=700  1\$aFiske, Shirley J.,$eeditor...
=700  1\$aPaladino, Stephanie,$eeditor...
=776  08$iPrint version: $z9781611323320$q(Hardback)
=793  0\$aTaylor & Francis online monographs (UCSD)
=856 40$zTaylor & Francis. Restricted to UCSD IP addresses.$uhttps://www.taylorfrancis.com/books/9781315474007

