=LDR  03610cam a2200565Ii 4500
=001  TF9781315598352
=003  FlBoTFG
=005  20180331102445.0
=006  m\\\\\o\\d\\\\\\\\
=007  cr\\\\\\\\\\\\
=008  180331s2017\\\\enkab\\\ob\\\\001\0\eng\d
=020  \\$a9781317087281 (e-book: PDF)$q(e-book : PDF)
=020  \\$z9781317087281$q(e-book: PDF)
=020  \\$z9781317087267$q(e-book: Mobi)
=020  \\$z9781472450203$q(hardback)
=020  \\$a9781315598352 (e-book)
=020  \\$a9781317087267 (e-book: Mobi)
=020  \\$a9781472450203 (hardback)
=024  7\$a10.4324/9781315598352 $2doi
=035  \\$a(OCoLC)967836714
=040  \\$aFlBoTFG$cFlBoTFG$erda$beng
=043  \\$ae-uk---$an-us---
=050  \4$aPS217.E55$bT73 2017
=082  04$a810.9003$bN714
=245  00$aTransatlantic literary ecologies :$bnature and culture in the nineteenth-century Anglophone Atlantic world /$cedited by Kevin Hutchings and John Miller ; with an afterword by James C. McKusick.
=264  \1$aLondon ;$aLondon :$bRoutledge,$c©2017.
=300  \\$a1 online resource (xxiv, 415  pages) :$billustrations, text file, PDF
=336  \\$atext$2rdacontent
=337  \\$acomputer$2rdamedia
=338  \\$aonline resource$2rdacarrier
=490  1\$aAshgate series in nineteenth-century transatlantic studies
=504  \\$aIncludes bibliographical references and index.
=505  0\$a1. The poetry and agricultural politics of transatlantic radicalism, 1789-93 : Joel Barlow's The hasty pudding / Michael Demson -- 2. Stewardship and plenitude : William Bartram, the Lake poets, and romantic ecology / David Higgins -- 3. Transatlantic extinctions and the "vanishing American" / Kevin Hutchings -- 4. Reading the "book of nature": Thomas Cole and the British romantics / Samantha C. Harvey -- 5. The ornithographies of John Clare and Henry David Thoreau / Markus Poetzsch -- 6. (Un)settling desires : erotics and ecologies in Nathaniel Hawthorne's transatlantic romances / Daniel Hannah -- 7. The sublime and the dying : landscape aesthetics and animal suffering in The boy's own fur trade / John Miller -- 8. John Muir, John Ruskin and the anthropocene : modern painters IV and studies in the Sierra / Terry Gifford -- 9. Mark Twain's The innocents abroad, transatlantic travel writing, and the desolation of the Holy Land / Joshua Mabie -- 10. "No region for tourists and women" : Isabella Bird, local ecology and the transatlantic sphere / Amanda Adams -- 11. "Enchased and lettered": Thomas Hardy's American readers and The nature of place / Adrian Tait.
=530  \\$aAlso available in print format.
=538  \\$aMode of access: World Wide Web.
=650  \0$aAmerican literature$y19th century$xHistory and criticism.
=650  \0$aEcology in literature.
=650  \0$aEnglish literature$y19th century$xHistory and criticism.
=650  \0$aEnvironmental literature$zUnited States$xHistory and criticism.
=650  \0$aEnvironmentalism in literature.
=650  \0$aNature in literature.
=650  \0$aRomanticism$zGreat Britain.
=650  \0$aTravelers' writings, American$xHistory and criticism.
=650  \0$aTravelers' writings, English$xHistory and criticism.
=655  \7$aElectronic books.$2lcsh
=700  1\$aHutchings, Kevin$q(Kevin Douglas),$d1960-
=700  1\$aMiller, John,$d1973-
=776  08$iPrint version: $z9781472450203(Hardback)$w 2016024908
=793  0\$aTaylor & Francis online monographs (UCSD)
=830  \0$aAshgate series in nineteenth-century transatlantic studies.
=856 40$zTaylor & Francis. Restricted to UCSD IP addresses.$uhttps://www.taylorfrancis.com/books/9781317087281

