=LDR  02506cam a2200493Ii 4500
=001  TF9781315724812
=003  FlBoTFG
=005  20180331111825.0
=006  m\\\\\o\\d\\\\\\\\
=007  cr\\\\\\\\\\\\
=008  180331s2016\\\\nyua\\\\ob\\\\001\0\eng\d
=020  \\$a9781317532088 (e-book: PDF)$q(e-book : PDF)
=020  \\$z9781317532088$q(e-book: PDF)
=020  \\$z9781317532071$q(e-book: ePub)
=020  \\$z9781317532064$q(e-book: Mobi)
=020  \\$z9781138850255$q(hardback)
=020  \\$a9781315724812 (e-book)
=020  \\$a9781317532064 (e-book: Mobi)
=020  \\$a9781317532071 (e-book: ePub)
=020  \\$a9781138850255 (hardback)
=024  7\$a10.4324/9781315724812 $2doi
=035  \\$a(OCoLC)951624069
=040  \\$aFlBoTFG$cFlBoTFG$erda$beng
=050  \4$aP128.C68$bT75 2016
=082  04$a410.188$bT821
=245  00$aTriangulating methodological approaches in corpus linguistic research /$cedited by Paul Baker and Jesse Egbert.
=264  \1$aNew York ;$aLondon :$bRoutledge,$c©2016.
=300  \\$a1 online resource (xii, 215 pages) :$billustrations, text file, PDF
=336  \\$atext$2rdacontent
=337  \\$acomputer$2rdamedia
=338  \\$aonline resource$2rdacarrier
=490  1\$aRoutledge advances in corpus linguistics ;$v17
=504  \\$aIncludes bibliographical references and index.
=505  0\$a1. Introduction / Paul Baker and Jesse Egbert -- 2. Keywords / Tony McEnery -- 3. Lexical bundles / Bethany Gray -- 4. Semantic annotation / Amanda Potts -- 5. Multi-dimensional analysis / Eric Friginal and Doug Bieber -- 6. Collocation networks / Vaclav Brezina -- 7. Variationist analysis / Stefan Th. Gries -- 8. Pragmatics / Jonathan Culpeper and Claire Hardaker -- 9. Gendered discourses / Paul Baker -- 10. Qualitative analysis of stance / Erez Levon -- 11. Stylistic perception / Jesse Egbert -- 12. Research synthesis / Jesse Egbert and Paul Baker.
=530  \\$aAlso available in print format.
=650  \0$aComputational linguistics.
=650  \0$aCorpora (Linguistics)$xMethodology.
=650  \0$aCorpora (Linguistics)$xTechnological innovations.
=655  \7$aElectronic books.$2lcsh
=700  1\$aBaker, Paul,$d1972-
=700  1\$aEgbert, Jesse,$d1985-
=776  08$iPrint version: $z9781138850255$q(Hardback)$w(DLC) 2016003274
=793  0\$aTaylor & Francis online monographs (UCSD)
=830  \0$aRoutledge advances in corpus linguistics ;$v17.
=856 40$zTaylor & Francis. Restricted to UCSD IP addresses.$uhttps://www.taylorfrancis.com/books/9781317532088

