=LDR  02097cam a2200505Ii 4500
=001  TF9781315678795
=003  FlBoTFG
=005  20180331111825.0
=006  m\\\\\o\\d\\\\\\\\
=007  cr\\\\\\\\\\\\
=008  180331s2017\\\\nyu\\\\\ob\\\\001\0\eng\d
=020  \\$a9781317392255 (e-book: PDF)$q(e-book : PDF)
=020  \\$z9781317392255$q(e-book: PDF)
=020  \\$z9781317392231$q(e-book: Mobi)
=020  \\$z9781138933026$q(hardback)
=020  \\$z9781138933033$q(paperback)
=020  \\$a9781315678795 (e-book)
=020  \\$a9781317392231 (e-book: Mobi)
=020  \\$a9781138933026 (hardback)
=020  \\$a9781138933033 (paperback)
=024  7\$a10.4324/9781315678795 $2doi
=035  \\$a(OCoLC)970629319
=040  \\$aFlBoTFG$cFlBoTFG$erda$beng
=050  \4$aGT2918$b.T83 2017
=082  04$a394.12$bT895
=100  1\$aTucker, Catherine M.,$eauthor.
=245  10$aCoffee culture :$blocal experiences, global connections /$cCatherine M. Tucker.
=250  \\$aSecond edition.
=264  \1$aNew York :$bRoutledge,$c©2017.
=300  \\$a1 online resource (xvii, 169 pages) :$btext file, PDF
=336  \\$atext$2rdacontent
=337  \\$acomputer$2rdamedia
=338  \\$aonline resource$2rdacarrier
=490  0\$aAnthropology of stuff series
=500  \\$aFirst edition published 2011 by Routledge.
=504  \\$aIncludes bibliographical references (p. [152]-164) and index.
=505  2\$apt. I. Coffee culture, social life, and global history -- pt. II. Accolades and antipathies : coffee controversies through time -- pt. III. Coffee production and processing -- pt. IV. Markets and the modern world system.
=530  \\$aAlso available in print format.
=650  \0$aCoffee industry$xSocial aspects.
=650  \0$aCoffee$xHealth aspects.
=650  \0$aCoffee$xHistory.
=650  \0$aCoffee$xSocial aspects.
=655  \7$aElectronic books.$2lcsh
=776  08$iPrint version: $z9781138933026(Hardback)$w 2016032108
=793  0\$aTaylor & Francis online monographs (UCSD)
=856 40$zTaylor & Francis. Restricted to UCSD IP addresses.$uhttps://www.taylorfrancis.com/books/9781317392255

