=LDR  02208cam a2200505Ii 4500
=001  TF9781315516936
=003  FlBoTFG
=005  20180330125217.0
=006  m\\\\\o\\d\\\\\\\\
=007  cr\\\\\\\\\\\\
=008  180331s2017\\\\enk\\\\\ob\\\\001\0\eng\d
=020  \\$a9781315516929 (e-book: PDF)$q(e-book : PDF)
=020  \\$z9781315516929$q(e-book: PDF)
=020  \\$z9781315516905$q(e-book: Mobi)
=020  \\$z9781138699373$q(hardback)
=020  \\$a9781315516936 (e-book)
=020  \\$a9781315516905 (e-book: Mobi)
=020  \\$a9781138699373 (hardback)
=024  7\$a10.4324/9781315516936 $2doi
=035  \\$a(OCoLC)974040732
=040  \\$aFlBoTFG$cFlBoTFG$erda$beng
=043  \\$aa-ja---
=050  \4$aHN730.M3$bI58 2017
=082  04$a302.230952$bI611
=245  00$aIntercultural communication in Japan :$btheorizing homogenizing discourse /$cedited by Satoshi Toyosaki and Shinsuke Eguchi.
=264  \1$aAbingdon, Oxon ;$aNew York, N.Y. :$bRoutledge,$c©2017.
=300  \\$a1 online resource (xi, 244 pages) :$btext file, PDF
=336  \\$atext$btxt$2rdacontent
=337  \\$acomputer$bc$2rdamedia
=338  \\$aonline resource$bcr$2rdacarrier
=490  1\$aRoutledge contemporary Japan series ;$v68
=504  \\$aIncludes bibliographical references and index.
=505  0\$aPart I. Gendifer, sexuality, and the body -- Part II. Performance and queerness -- Part III. Inclusiveness and otherness -- Part IV. Media and framing -- Part V. Environment and movement -- Part VI. Education and internationalization.
=530  \\$aAlso available in print format.
=650  \0$aIntercultural communication$zJapan.
=650  \0$aMass media$xSocial aspects$zJapan.
=650  \0$aMulticulturalism$zJapan.
=650  \0$aNational characteristics, Japanese.
=651  \0$aJapan$xCivilization$y21st century.
=655  \7$aElectronic books.$2lcsh
=700  1\$aEguchi, Shinsuke.
=700  1\$aToyosaki, Satoshi.
=776  08$iPrint version: $z9781138699373(Hardback)$w  2016043187
=793  0\$aTaylor & Francis online monographs (UCSD)
=830  \0$aRoutledge contemporary Japan series ;$v68.
=856 40$zTaylor & Francis. Restricted to UCSD IP addresses.$uhttps://www.taylorfrancis.com/books/9781315516929

