=LDR  02227cam a2200517Ii 4500
=001  TF9781315667836
=003  FlBoTFG
=005  20180331111825.0
=006  m\\\\\o\\d\\\\\\\\
=007  cr\\\\\\\\\\\\
=008  180331r20161991enka\\\\ob\\\\001\0\eng\d
=020  \\$a9781317359302 (e-book: PDF)$q(e-book : PDF)
=020  \\$z9781317359302$q(e-book: PDF)
=020  \\$z9781317359296$q(e-book: ePub)
=020  \\$z9781317359289$q(e-book: Mobi)
=020  \\$z9781138952010$q(hardback)
=020  \\$z9781138952041$q(paperback)
=020  \\$a9781315667836 (e-book)
=020  \\$a9781317359289 (e-book: Mobi)
=020  \\$a9781317359296 (e-book: ePub)
=020  \\$a9781138952010 (hardback)
=020  \\$a9781138952041 (paperback)
=024  7\$a10.4324/9781315667836 $2doi
=035  \\$a(OCoLC)958108260
=040  \\$aFlBoTFG$cFlBoTFG$erda$beng
=050  \4$aHQ755.85$b.N65 2016
=082  04$a306.874$bN794
=100  1\$aNoller, Patricia.,$eauthor.
=245  14$aThe adolescent in the family /$cPatricia Noller and Victor Callan.
=264  \1$aLondon :$bRoutledge,$c©2016.
=300  \\$a1 online resource (ix, 172 pages) :$billustrations, text file, PDF
=336  \\$atext$2rdacontent
=337  \\$acomputer$2rdamedia
=338  \\$aonline resource$2rdacarrier
=490  0\$aRoutledge library editions: adolescence ;$vvol. 7
=500  \\$aFirst published in 1991 by Routledge.
=504  \\$aIncludes bibliographical references and indexes.
=505  0\$a1. Theoretical perspectives and controveries about adolescents -- 2. The generation gap -- 3. Communication in families with adolescents -- 4. Family environments and adolescent development -- 5. Leaving the family -- 6. Separation, divorce and re-marriage -- 7. The family and adolescent issues.
=530  \\$aAlso available in print format.
=650  \0$aAdolescent psychology.
=650  \0$aParent and teenager.
=650  \0$aTeenagers$xFamily relationships.
=655  \7$aElectronic books.$2lcsh
=700  1\$aCallan, Victor J.,$d1954-
=776  08$iPrint version: $z9781138952010$q(Hardback)
=793  0\$aTaylor & Francis online monographs (UCSD)
=856 40$zTaylor & Francis. Restricted to UCSD IP addresses.$uhttps://www.taylorfrancis.com/books/9781317359302

