=LDR  02254cam a2200505Ii 4500
=001  TF9781315601588
=003  FlBoTFG
=005  20180331102445.0
=006  m\\\\\o\\d\\\\\\\\
=007  cr\\\\\\\\\\\\
=008  180331r20162007enk\\\\\ob\\\\001\0\eng\d
=020  \\$a9781317077596 (e-book: PDF)$q(e-book : PDF)
=020  \\$z9781317077596$q(e-book: PDF)
=020  \\$z9781317077589$q(e-book: ePub)
=020  \\$z9781317077572$q(e-book: Mobi)
=020  \\$z9780754633396$q(hardback)
=020  \\$a9781315601588 (e-book)
=020  \\$a9781317077572 (e-book: Mobi)
=020  \\$a9781317077589 (e-book: ePub)
=020  \\$a9780754633396 (hardback)
=024  7\$a10.4324/9781315601588 $2doi
=035  \\$a(OCoLC)950005469
=040  \\$aFlBoTFG$cFlBoTFG$erda$beng
=050  \4$aBP605.N48$bW66 2016
=082  04$a299.93$bW877
=100  1\$aWood, Matthew,$d1970-,$eauthor.
=245  10$aPossession, power and the new age :$bambiguities of authority in neoliberal societies /$cMatthew Wood.
=264  \1$aAbingdon, Oxon :$bRoutledge,$c©2016.
=300  \\$a1 online resource :$btext file, PDF
=336  \\$atext$2rdacontent
=337  \\$acomputer$2rdamedia
=338  \\$aonline resource$2rdacarrier
=490  1\$aTheology and religion in interdisciplinary perspective series
=500  \\$aFirst published 2007 by Ashgate Publishing.
=504  \\$aIncludes bibliographical references and index.
=505  0\$a1. Approaching new age -- 2. The field of new age studies -- 3. Power, self and practice -- 4. The meditation group -- 5. Channelling workshops -- 6. The Nottinghamshire fair -- 7. Spiritualism and paganism -- 8. Nonformativeness, possession and class in neoliberal societies.
=530  \\$aAlso available in print edition.
=538  \\$aMode of access: World Wide Web.
=650  \0$aNeoliberalism$xReligious aspects.
=650  \0$aNew Age movement.
=650  \0$aSpirit possession$xSocial aspects.
=655  \7$aElectronic books.$2lcsh
=776  08$iPrint version: $z9780754633396(Hardback)$w 2006022503
=793  0\$aTaylor & Francis online monographs (UCSD)
=830  \0$aTheology and religion in interdisciplinary perspective.
=856 40$zTaylor & Francis. Restricted to UCSD IP addresses.$uhttps://www.taylorfrancis.com/books/9781317077596

