=LDR  03333cam a2200517Ii 4500
=001  TF9781315537177
=003  FlBoTFG
=005  20180331111825.0
=006  m\\\\\o\\d\\\\\\\\
=007  cr\\\\\\\\\\\\
=008  180331s2017\\\\nyu\\\\\ob\\\\001\0\eng\d
=020  \\$a9781134989126 (e-book: PDF)$q(e-book : PDF)
=020  \\$z9781134989126$q(e-book: PDF)
=020  \\$z9781134989195$q(e-book: ePub)
=020  \\$z9781134989263$q(e-book: Mobi)
=020  \\$z9781138933835$q(hardback)
=020  \\$a9781315537177 (e-book)
=020  \\$a9781134989263 (e-book: Mobi)
=020  \\$a9781134989195 (e-book: ePub)
=020  \\$a9781138933835 (hardback)
=024  7\$a10.4324/9781315537177 $2doi
=035  \\$a(OCoLC)953054607
=040  \\$aFlBoTFG$cFlBoTFG$erda$beng
=043  \\$aa------
=050  \4$aRA525$b.S86 2017
=082  04$a362.1095$bS958
=100  1\$aSun, Shirley Hsiao-Li.,$eauthor.
=245  10$aSocio-economics of personalized medicine in Asia /$cShirley Sun.
=264  \1$aNew York :$bRoutledge,$c©2017.
=300  \\$a1 online resource (xii, 198 pages) :$btext file, PDF
=336  \\$atext$2rdacontent
=337  \\$acomputer$2rdamedia
=338  \\$aonline resource$2rdacarrier
=490  1\$aRoutledge studies in the sociology of health and illness
=504  \\$aIncludes bibliographical references and index.
=505  0\$a1. Introduction -- 2. Regionalism and the study of human genetic variation in a transnational context : Asianism, nationalism, and the racialization of ethnicity -- 3. Capitalizing on being "othered" : precision medicine and race in the context of a globalized pharmaceutical industry -- 4. Managing "otherness" : genomics and public health policy in Singapore -- 5. Cancer genomics in clinics -- 6. Socio-economic factors and ethical dilemmas in personalized medicine provision -- 7. Conclusion : personalized medicine and population-based genetic/genomic studies.
=520  \\$a"The second decade of the 21st century has witnessed a new surge in emphasis on personalized medicine based on analysis of an individual's unique genetic make-up as a means to enable more precise diagnosis, treatment and prevention of diseases. This book attempts to contribute to this growing body of literature by tracing and analyzing "personalized medicine" as it unfolds in Asia, and in so doing, illustrating various social forces shaping the "co-production" of science and social order in transnational settings. The book shows that there are inextricable transnational linkages between developing and developed countries and also provides a theoretically guided and empirically grounded understanding of the formation and usage of particular human taxonomies in transnational settings"--$cProvided by publisher.
=530  \\$aAlso available in print format.
=650  \0$aMedical economics$zAsia.
=650  \0$aPersonalized medicine$xEconomic aspects$zAsia.
=650  \0$aPersonalized medicine$xSocial aspects$zAsia.
=650  \0$aSocial medicine$zAsia.
=655  \7$aElectronic books.$2lcsh
=776  08$iPrint version: $z9781138933835(Hardback)$w 2016005951
=793  0\$aTaylor & Francis online monographs (UCSD)
=830  \0$aRoutledge studies in the sociology of health and illness.
=856 40$zTaylor & Francis. Restricted to UCSD IP addresses.$uhttps://www.taylorfrancis.com/books/9781134989126

