=LDR  02115cam a2200493Ii 4500
=001  TF9781315694337
=003  FlBoTFG
=005  20180331111825.0
=006  m\\\\\o\\d\\\\\\\\
=007  cr\\\\\\\\\\\\
=008  180331s2016\\\\enk\\\\\ob\\\\001\0\eng\d
=020  \\$a9781317439271 (e-book: PDF)$q(e-book : PDF)
=020  \\$z9781317439271$q(e-book: PDF)
=020  \\$z9781317439264$q(e-book: ePub)
=020  \\$z9781317439257$q(e-book: Mobi)
=020  \\$z9781138016279$q(hardback)
=020  \\$z9781138016316$q(paperback)
=020  \\$a9781315694337 (e-book)
=020  \\$a9781317439257 (e-book: Mobi)
=020  \\$a9781317439264 (e-book: ePub)
=020  \\$a9781138016279 (hardback)
=020  \\$a9781138016316 (paperback)
=024  7\$a10.4324/9781315694337 $2doi
=035  \\$a(OCoLC)921887876
=040  \\$aFlBoTFG$cFlBoTFG$erda$beng
=050  \4$aPE1479.B87$bN53 2016
=082  04$a808.06665$bN632
=100  1\$aNickerson, Catherine,$d1965-,$eauthor.
=245  10$aIntroducing business English /$cCatherine Nickerson and Brigitte Planken.
=264  \1$aAbingdon, Oxon ;$aNew York, N.Y. :$bRoutledge,$c©2016.
=300  \\$a1 online resource (x, 172 pages) :$btext file, PDF
=336  \\$atext$2rdacontent
=337  \\$acomputer$2rdamedia
=338  \\$aonline resource$2rdacarrier
=490  0\$aRoutledge introductions to English for specific purposes
=504  \\$aIncludes bibliographical references and index.
=505  0\$apt. 1. Introduction -- pt. 2. Spoken business English -- pt. 3. Written business English -- pt. 4. The modern business world -- pt. 5. Learners, teachers, and materials.
=530  \\$aAlso available in print format.
=650  \0$aBusiness communication$xStudy and teaching.
=650  \0$aEnglish language$xBusiness English$xStudy and teaching.
=655  \7$aElectronic books.$2lcsh
=700  1\$aPlanken, Brigitte Chantal,$d1966-
=776  08$iPrint version: $z9781138016279$q(Hardback)$w(DLC) 2015021308
=793  0\$aTaylor & Francis online monographs (UCSD)
=856 40$zTaylor & Francis. Restricted to UCSD IP addresses.$uhttps://www.taylorfrancis.com/books/9781317439271

