=LDR  02192cam a2200493Ii 4500
=001  TF9781315577302
=003  FlBoTFG
=005  20180331102445.0
=006  m\\\\\o\\d\\\\\\\\
=007  cr\\\\\\\\\\\\
=008  180331r20162015enk\\\\\ob\\\\001\0\eng\d
=020  \\$a9781317150435 (e-book: PDF)$q(e-book : PDF)
=020  \\$z9781317150435$q(e-book: PDF)
=020  \\$z9781317150428$q(e-book: ePub)
=020  \\$z9781317150411$q(e-book: Mobi)
=020  \\$z9781472432926$q(hardback)
=020  \\$a9781315577302 (e-book)
=020  \\$a9781317150411 (e-book: Mobi)
=020  \\$a9781317150428 (e-book: ePub)
=020  \\$a9781472432926 (hardback)
=024  7\$a10.4324/9781315577302 $2doi
=035  \\$a(OCoLC)952728535
=040  \\$aFlBoTFG$cFlBoTFG$erda$beng
=050  \4$aHV1568.2$b.G78 2016
=082  04$a305.9080141$bG886
=100  1\$aGrue, Jan,$d1981-,$eauthor.
=245  10$aDisability and discourse analysis /$cJan Grue.
=264  \1$aLondon ;$aNew York :$bRoutledge,$c©2016.
=300  \\$a1 online resource :$btext file, PDF
=336  \\$atext$2rdacontent
=337  \\$acomputer$2rdamedia
=338  \\$aonline resource$2rdacarrier
=490  1\$aInterdisciplinary disability studies
=500  \\$a"First published 2015 by Ashgate Publishing"--t.p. verso.
=504  \\$aIncludes bibliographical references and index.
=505  0\$a1. Why discourse analysis? Disability and language -- 2. Models, theories, and perspectives : a discourse approach to disability and disability studies -- 3. Medical discourses of disability -- 4. Political and economic discourses and the limits of language -- 5. Counting a disabled : discourses of identity -- 6. Media discourse and popular representation.
=530  \\$aAlso available in print format.
=538  \\$aMode of access: World Wide Web.
=650  \0$aDisability studies.
=650  \0$aDiscourse analysis.
=655  \7$aElectronic books.$2lcsh
=776  08$iPrint version: $z9781472432926(Hardback)$w 2014021251
=793  0\$aTaylor & Francis online monographs (UCSD)
=830  \0$aInterdisciplinary disability studies.
=856 40$zTaylor & Francis. Restricted to UCSD IP addresses.$uhttps://www.taylorfrancis.com/books/9781317150435

