=LDR  01992cam a2200517Ii 4500
=001  TF9781136578076
=003  FlBoTFG
=005  20180331102445.0
=006  m\\\\\o\\d\\\\\\\\
=007  cr\\\\\\\\\\\\
=008  130331s2016\\\\nyu\\\\\ob\\\\001\0\eng\d
=020  \\$a9781136578076$q(e-book: PDF)
=020  \\$z9780203154410$q(e-book : PDF)
=020  \\$z9780415806831$q(paperback)
=020  \\$z9780415806824$q(hardback)
=020  \\$z9781136578069$q(e-book: ePub)
=020  \\$z9781136578021$q(e-book: Mobi)
=020  \\$a9780203154410 (e-book)
=020  \\$a9781136578021 (e-book: Mobi)
=020  \\$a9781136578069 (e-book: ePub)
=020  \\$a9780415806824 (hardback)
=020  \\$a9780415806831 (paperback)
=024  7\$a10.4324/9780203154410 $2doi
=035  \\$a(OCoLC)923734370
=040  \\$aFlBoTFG$cFlBoTFG$erda$beng
=050  \4$aTX357$b.P525 2016
=082  04$a394.12$bP568
=245  00$aPhilosophy comes to dinner :$barguments on the ethics of eating /$cedited by Andrew Chignell, Terence Cuneo and Matthew C. Halteman.
=264  \1$aNew York :$bRoutledge,$c©2016.
=300  \\$a1 online resource (x, 299 pages) :$btext file, PDF
=336  \\$atext$2rdacontent
=337  \\$acomputer$2rdamedia
=338  \\$aonline resource$2rdacarrier
=504  \\$aIncludes bibliographical references and index.
=505  0\$apt. 1. Dietary ideals -- pt. 2. Puzzling questions.
=530  \\$aAlso available in print format.
=650  \0$aDinners and dining$xMoral and ethical aspects.
=650  \0$aFood habits.
=650  \0$aFood preferences.
=650  \0$aFood$xMoral and ethical aspects.
=655  \7$aElectronic books.$2lcsh
=700  1\$aChignell, Andrew,$d1973-
=700  1\$aCuneo, Terence,$d1969-
=700  1\$aHalteman, Matthew C.
=776  08$iPrint version: $z9780415806824(Hardback)$w(DLC) 2015017814
=793  0\$aTaylor & Francis online monographs (UCSD)
=856 40$zTaylor & Francis. Restricted to UCSD IP addresses.$uhttps://www.taylorfrancis.com/books/9781136578076

