=LDR  02262cam a2200565Ii 4500
=001  TF9781315687988
=003  FlBoTFG
=005  20180331111825.0
=006  m\\\\\o\\d\\\\\\\\
=007  cr\\\\\\\\\\\\
=008  180331s2016\\\\enka\\\\ob\\\\001\0\eng\d
=020  \\$a9781317419785 (e-book: PDF)$q(e-book : PDF)
=020  \\$z9781317419785$q(e-book: PDF)
=020  \\$z9781317419778$q(e-book: ePub)
=020  \\$z9781317419761$q(e-book: Mobi)
=020  \\$z9781138914834$q(hardback)
=020  \\$z9781138914988$q(paperback)
=020  \\$a9781315687988 (e-book)
=020  \\$a9781317419761 (e-book: Mobi)
=020  \\$a9781317419778 (e-book: ePub)
=020  \\$a9781138914834 (hardback)
=020  \\$a9781138914988 (paperback)
=024  7\$a10.4324/9781315687988 $2doi
=035  \\$a(OCoLC)950573436
=035  \\$a(OCoLC)953047058
=040  \\$aFlBoTFG$cFlBoTFG$erda$beng
=043  \\$aew-----
=050  \4$aJC573.2.E85$bR34 2016
=082  04$a324.213094$bR129
=245  00$aRadical right-wing populist parties in Western Europe :$binto the mainstream? /$cedited by Tjitske Akkerman, Sarah L. de Lange and Matthijs Rooduijn.
=264  \1$aLondon ;$aNew York :$bRoutledge,$c©2016.
=300  \\$a1 online resource (xv, 297 pages) :$billustrations, text file, PDF
=336  \\$atext$2rdacontent
=337  \\$acomputer$2rdamedia
=338  \\$aonline resource$2rdacarrier
=490  1\$aRoutledge studies in extremism and democracy
=504  \\$aIncludes bibliographical references and index.
=505  0\$apt. 1. Comparative analyses -- pt. 2. Case studies.
=530  \\$aAlso available in print format.
=650  \0$aPolitical parties$zEurope, Western.
=650  \0$aPopulism$zEurope, Western.
=650  \0$aRight-wing extremists$zEurope, Western.
=651  \0$aEurope, Western$xPolitics and government$y1989-
=655  \7$aElectronic books.$2lcsh
=700  1\$aAkkerman, Tjitske.
=700  1\$aLange, Sarah L. de.
=700  1\$aRooduijn, Matthijs.
=776  08$iPrint version: $z9781138914834(Hardback)$w 2015032846
=793  0\$aTaylor & Francis online monographs (UCSD)
=830  \0$aRoutledge studies in extremism and democracy.
=856 40$zTaylor & Francis. Restricted to UCSD IP addresses.$uhttps://www.taylorfrancis.com/books/9781317419785

