=LDR  02048cam a2200493Ii 4500
=001  TF9781134060559
=003  FlBoTFG
=005  20180331111825.0
=006  m\\\\\o\\d\\\\\\\\
=007  cr\\\\\\\\\\\\
=008  180331s2013\\\\enkad\\\ob\\\\001\0\eng\d
=020  \\$a9781134060559$q(e-book: PDF)
=020  \\$z9780203366981$q(e-book : PDF)
=020  \\$z9781138849136$q(paperback)
=020  \\$z9780415783682$q(hardback)
=020  \\$z9781134060627$q(e-book: ePub)
=020  \\$z9781134060696$q(e-book: Mobi)
=020  \\$a9780203366981 (e-book)
=020  \\$a9781134060696 (e-book: Mobi)
=020  \\$a9781134060627 (e-book: ePub)
=020  \\$a9780415783682 (hardback)
=020  \\$a9781138849136 (paperback)
=024  7\$a10.4324/9780203366981 $2doi
=035  \\$a(OCoLC)849246263
=040  \\$aFlBoTFG$cFlBoTFG$erda$beng
=050  \4$aHQ784.M3$bR88 2013
=082  04$a302.23083$bR869
=245  04$aThe Routledge international handbook of children, adolescents and media /$cedited by Dafna Lemish.
=264  \1$aLondon ;$aNew York :$bRoutledge,$c©2013.
=300  \\$a1 online resource (xxv, 499 pages) :$billustrations, text file, PDF
=336  \\$atext$2rdacontent
=337  \\$acomputer$2rdamedia
=338  \\$aonline resource$2rdacarrier
=490  1\$aRoutledge international handbooks
=504  \\$aIncludes bibliographical references and indexes.
=505  0\$apt. 1. Childhoods and constructions -- pt. 2. Channels and convergence -- pt. 3. Concerns and consequences -- pt. 4. Contexts and communities -- pt. 5. Collaborations and companions.
=530  \\$aAlso available in print format.
=650  \0$aMass media and children.
=650  \0$aMass media and youth.
=655  \7$aElectronic books.$2lcsh
=700  1\$aLemish, Dafna,$d1951-
=776  08$iPrint version: $z9780415783682(Hardback)$w(DLC) 2012042153
=793  0\$aTaylor & Francis online monographs (UCSD)
=830  \0$aRoutledge international handbooks.
=856 40$zTaylor & Francis. Restricted to UCSD IP addresses.$uhttps://www.taylorfrancis.com/books/9781134060559

