=LDR  02581cam a2200493Ii 4500
=001  TF9781351519670
=003  FlBoTFG
=005  20180330125217.0
=006  m\\\\\o\\d\\\\\\\\
=007  cr\\\\\\\\\\\\
=008  180331r19781968njua\\\\ob\\\\001\0\eng\d
=020  \\$a9781351519670$q(e-book: PDF)
=020  \\$z9780203791844$q(e-book)
=020  \\$z9781138523623$q(hardback)
=020  \\$z9780878556403$q(paperback)
=020  \\$z9781351519656$q(e-book: Mobi)
=020  \\$a9780203791844 (e-book)
=020  \\$a9781351519656 (e-book: Mobi)
=020  \\$a9781138523623 (hardback)
=020  \\$a9780878556403 (paperback)
=024  7\$a10.4324/9780203791844 $2doi
=035  \\$a(OCoLC)995620934
=040  \\$aDLC$cDLC$dDLC$dFlBoTFG$erda$beng
=050  \4$aML3545$b.L63 1978
=082  04$a784.49$bL839
=100  1\$aLomax, Alan,$d1915-2002.,$eauthor.
=245  10$aFolk song style and culture /$cby Alan Lomax.
=250  \\$aFirst paperback edition.
=264  \1$aNew Brunswick, N.J. :$bTransaction Books,$c©1978.
=300  \\$a1 online resource (xix, 363 pages) :$billustrations, text file, PDF
=336  \\$atext$btxt$2rdacontent
=337  \\$acomputer$bc$2rdamedia
=338  \\$aonline resource$bcr$2rdacarrier
=500  \\$aIncludes index.
=500  \\$aReprint of the 1968 ed. published by American Association for the Advancement of Science, Washington, which was issued as no. 88 of its Publications.
=504  \\$aBibliography: p. 339-349.
=505  0\$achapter 1The Stylistic Method -- chapter 2 The Cantometrics Experim -- chapter 3 The Cantometric Coding Book -- chapter 4 The World Song Style Map -- chapter 5 Consensus on Cantometric Parameters -- chapter 6 Song as a Measure of Culture -- chapter 7 Social Solidarity -- chapter 8 Self-Assertion, Sex Role, and Vocal Rasp -- chapter 9 Effects of Infantile Stimulationon Musical Behavior -- chapter 10 Dance Style and Culture -- chapter 11 Ghoreometric Profiles -- chapter 12 The Choreometric Coding Book -- chapter 13 Folk Song Texts as Culture Indicators -- chapter 14 Cantometrics in Retrospect.
=530  \\$aAlso available in print format.
=650  \0$aFolk songs$xHistory and criticism.
=655  \7$aElectronic books.$2lcsh
=710  2\$aAmerican Association for the Advancement of Science.
=776  08$iPrint version: $z9781138523623(Hardback)
=793  0\$aTaylor & Francis online monographs (UCSD)
=810  2\$aAmerican Association for the Advancement of Science.$tPublication ;$vno. 88.
=856 40$zTaylor & Francis. Restricted to UCSD IP addresses.$uhttps://www.taylorfrancis.com/books/9781351519670

