=LDR  01625cam  2200445Ii 4500
=001  TF9781315278698
=005  20171208123518.0
=006  m\\\\\o\\d\\\\\\\\
=007  cr\cn\\\\\\\\\
=008  171208s2018\\\\xx\\\\\\o\\\\\000\0\eng\d
=020  \\$a9781315278681 (e-book: PDF)
=020  \\$a9781315278698 (e-book)
=020  \\$a9781315278667 (e-book: Mobi)
=020  \\$a9781138242326 (hardback)
=035  \\$a(OCoLC)1014379532
=040  \\$aFlBoTFG$beng$cFlBoTFG$erda
=072  \\$aSOC000000$2bisacsh
=072  \\$aSOC026000$2bisacsh
=100  1\$aToews, David,$eauthor.
=245  10$aSocial Life and Political Life in the Era of Digital Media :$bHigher Diversities
=250  \\$aFirst edition.
=264  \1$aLondon :$bTaylor and Francis,$c2018.
=300  \\$a1 online resource :$btext file, PDF
=336  \\$atext$2rdacontent
=337  \\$acomputer$2rdamedia
=338  \\$aonline resource$2rdacarrier
=490  0\$aRoutledge Studies in Social and Political Thought
=530  \\$aAlso available in print format.
=650  04$aSociology & Social Policy
=650  04$aCultural Theory
=650  04$aSocial Theory
=650  04$aContemporary Social Theory
=650  04$aPolitical Sociology
=650  04$aPolitical Behavior and Participation
=650  04$aSociology of Science & Technology
=650  04$aContinental Philosophy
=655  \7$aElectronic books.$2lcsh
=776  1\$z9781315278681$z9781315278674$z9781315278667$z1138242322$z9781138242326$z9781315278698
=793  0\$aTaylor & Francis online monographs (UCSD)
=856 40$zTaylor & Francis. Restricted to UCSD IP addresses.$uhttps://www.taylorfrancis.com/books/9781315278681
=856 40$zTaylor & Francis. Restricted to UCSD IP addresses.$uhttps://www.taylorfrancis.com/books/9781315278681

