=LDR  02134cam a2200421Ii 4500
=001  TF9781315232959
=003  FlBoTFG
=005  20180330125217.0
=006  m\\\\\o\\d\\\\\\\\
=007  cr\\\\\\\\\\\\
=008  180331s2017\\\\enka\\\\ob\\\\001\0deng\d
=020  \\$a9781351869607 (e-book: PDF)$q(e-book : PDF)
=020  \\$z9781351869607$q(e-book: PDF)
=020  \\$z9781351869584$q(e-book: Mobi)
=020  \\$z9781472488886$q(hardback)
=020  \\$a9781315232959 (e-book)
=020  \\$a9781351869584 (e-book: Mobi)
=020  \\$a9781472488886 (hardback)
=024  7\$a10.4324/9781315232959 $2doi
=035  \\$a(OCoLC)988383795
=040  \\$aFlBoTFG$cFlBoTFG$erda$beng
=050  \4$aE112$b.W38 2017
=082  04$a970.015$bW345
=100  1\$aWatt, Mary Alexandifer.,$eauthor.
=245  10$aDante, Columbus and the prophetic tradition :$bspiritual imperialism in the Italian imagination /$cMary Alexandra Watt.
=264  \1$aLondon ;$aNew York :$bRoutledge,$c©2017.
=300  \\$a1 online resource (vii, 185 pages) :$billustrations, text file, PDF
=336  \\$atext$btxt$2rdacontent
=337  \\$acomputer$bc$2rdamedia
=338  \\$aonline resource$bcr$2rdacarrier
=504  \\$aIncludes bibliographical references and index.
=505  0\$a1. Columbus's journey to the end of the world -- 2. The New Jerusalem and the end of time -- 3. Earthly Paradise and the westward trajectory -- 4. "Beyond the curve of the sea" : Columbus and Dante -- 5. Ulysses, Columbus and human folly -- 6. Columbus, Aeneas and Paul -- 7. An Italian apostle to the New World -- 8. Trouble in paradise : Ariosto, Fracastoro and Gambara -- 9. Tasso, Stella and the apotheosis of Columbus -- 10. Chiabrera, Stigliani and a world turned inside out.
=530  \\$aAlso available in print edition.
=600  00$aDante Alighieri,$d1265-1321$xInfluence.
=600  10$aColumbus, Christopher$xInfluence.
=655  \7$aElectronic books.$2lcsh
=776  08$iPrint version: $z9781472488886$q(Hardback)
=793  0\$aTaylor & Francis online monographs (UCSD)
=856 40$zTaylor & Francis. Restricted to UCSD IP addresses.$uhttps://www.taylorfrancis.com/books/9781351869607

