=LDR  02108cam a2200493Ii 4500
=001  TF9781315606064
=003  FlBoTFG
=005  20180331102445.0
=006  m\\\\\o\\d\\\\\\\\
=007  cr\\\\\\\\\\\\
=008  180331s2017\\\\enk\\\\\ob\\\\001\0deng\d
=020  \\$a9781317064152 (e-book: PDF)$q(e-book : PDF)
=020  \\$z9781317064152$q(e-book: PDF)
=020  \\$z9781317064145$q(e-book: ePub)
=020  \\$z9781317064138$q(e-book: Mobi)
=020  \\$z9781472472564$q(hardback)
=020  \\$a9781315606064 (e-book)
=020  \\$a9781317064138 (e-book: Mobi)
=020  \\$a9781317064145 (e-book: ePub)
=020  \\$a9781472472564 (hardback)
=024  7\$a10.4324/9781315606064 $2doi
=035  \\$a(OCoLC)954617772
=040  \\$aFlBoTFG$cFlBoTFG$erda$beng
=050  \4$aB1247$b.C46 2017
=082  04$a192$bC552
=100  1\$aChou, Chia-Yu.,$eauthor.
=245  10$aRethinking Hobbes and Kant :$bthe role and consequences of assumption in political theory /$cChia-Yu Chou.
=264  \1$aAbingdon, Oxon :$bRoutledge,$c©2017.
=300  \\$a1 online resource :$btext file, PDF
=336  \\$atext$2rdacontent
=337  \\$acomputer$2rdamedia
=338  \\$aonline resource$2rdacarrier
=490  1\$aRethinking political and international theory
=504  \\$aIncludes bibliographical references and index.
=505  0\$a1. Hobbes and Kant on political freedom -- 2. Hobbes and Kant on social and legal equality -- 3. Hobbes and Kant on independence -- 4. Hobbes and Kant on international politics.
=530  \\$aAlso available in print format.
=538  \\$aMode of access: World Wide Web.
=600  10$aHobbes, Thomas,$d1588-1679$xCriticism and interpretation.
=600  10$aKant, Immanuel,$d1724-1804$xCriticism and interpretation.
=650  \0$aPolitical science.
=655  \7$aElectronic books.$2lcsh
=776  08$iPrint version: $z9781472472564(Hardback)$w 2016298173
=793  0\$aTaylor & Francis online monographs (UCSD)
=830  \0$aRethinking political and international theory.
=856 40$zTaylor & Francis. Restricted to UCSD IP addresses.$uhttps://www.taylorfrancis.com/books/9781317064152

