=LDR  03390cam a2200493Ii 4500
=001  TF9781315579849
=003  FlBoTFG
=005  20180331102445.0
=006  m\\\\\o\\d\\\\\\\\
=007  cr\\\\\\\\\\\\
=008  180331s2017\\\\nyua\\\\ob\\\\001\0\eng\d
=020  \\$a9781317142812 (e-book: PDF)$q(e-book : PDF)
=020  \\$z9781317142812$q(e-book: PDF)
=020  \\$z9781317142805$q(e-book: ePub)
=020  \\$z9781317142799$q(e-book: Mobi)
=020  \\$z9781472475435$q(hardback)
=020  \\$a9781315579849 (e-book)
=020  \\$a9781317142799 (e-book: Mobi)
=020  \\$a9781317142805 (e-book: ePub)
=020  \\$a9781472475435 (hardback)
=024  7\$a10.4324/9781315579849 $2doi
=035  \\$a(OCoLC)953691627
=040  \\$aFlBoTFG$cFlBoTFG$erda$beng
=043  \\$acl-----
=050  \4$aF1408.3$b.E577 2017
=082  04$a980.04$bE611
=245  00$aEntangled heritages :$bpostcolonial perspectives on the uses of the past in Latin America /$cedited by Olaf Kaltmeier and Mario Rufer.
=264  \1$aNew York, N.Y. :$bRoutledge,$c©2017.
=300  \\$a1 online resource :$billustrations, text file, PDF
=336  \\$atext$2rdacontent
=337  \\$acomputer$2rdamedia
=338  \\$aonline resource$2rdacarrier
=490  0\$aInterAmerican research : contact, communication, conflict
=504  \\$aIncludes bibliographical references and index.
=505  0\$aIntroduction: the uses of heritage and the post-colonial condition in Latin America / Olaf Kaltmeier and Mario Rufer -- 1. On the advantage and disadvantage of heritage for Latin America : heritage politics and nostalgia between coloniality and indigeneity / Olaf Kaltmeier -- 2. Mexicanos al grito de guerra! How the himno nacional became part of Mexico's heritage / Sarah Corona Berkin -- 3. Making heritage : the materialization of the state and the expediency of music: the case of cuarteto caracteristico in Cordoba, Argentina / Gustavo Blazquez -- 4. Is Spanish our language? Alfonso Reyes and the policies of language in post-revolutionary Mexico / Maria del Carmen de la Peza -- 5. Cultural management and neoliberal governamentality : the participation of Peru in the exhibition Inca: kings of the Andes / Gisela Canepa -- 6. Commemorate, consecrate, demolish : thoughts about the Mexican Museum of Anthropology and its history / Frida Gorbach -- 7. Going back to the past or coming back from the past? Governmental policies and uses of the past in a Ranquel community in San Luis, Argentina / Maria Celina Chocobare -- 8. Unearthing patrimonio : treasure and collectivity in San Miguel Coatlinchan / Sandra Rozental -- 9. Processes of heritagization of indigenous cultural manifestations: lines of debate, analytic axes, and methodological approaches / Carolina Crespo -- 10. The ambivalence of tradition : heritage, time, and violence in postcolonial contexts / Mario Rufer.
=530  \\$aAlso available in print format.
=538  \\$aMode of access: World Wide Web.
=651  \0$aLatin America$xCivilization$y21st century.
=651  \0$aLatin America$xHistoriography.
=655  \7$aElectronic books.$2lcsh
=700  1\$aKaltmeier, Olaf,$d1970-
=700  1\$aRufer, Mario.
=776  08$iPrint version: $z9781472475435(Hardback)$w 2016002253
=793  0\$aTaylor & Francis online monographs (UCSD)
=856 40$zTaylor & Francis. Restricted to UCSD IP addresses.$uhttps://www.taylorfrancis.com/books/9781317142812

