=LDR  03053cam a2200529Ii 4500
=001  TF9781315640204
=003  FlBoTFG
=005  20180331111825.0
=006  m\\\\\o\\d\\\\\\\\
=007  cr\\\\\\\\\\\\
=008  180331r20161975enk\\\\\ob\\\\000\0\eng\d
=020  \\$a9781317276319 (e-book: PDF)$q(e-book : PDF)
=020  \\$z9781317276319$q(e-book: PDF)
=020  \\$z9781317276302$q(e-book: ePub)
=020  \\$z9781317276296$q(e-book: Mobi)
=020  \\$z9781138191792$q(hardback)
=020  \\$z9781138191945$q(paperback)
=020  \\$a9781315640204 (e-book)
=020  \\$a9781317276296 (e-book: Mobi)
=020  \\$a9781317276302 (e-book: ePub)
=020  \\$a9781138191792 (hardback)
=020  \\$a9781138191945 (paperback)
=024  7\$a10.4324/9781315640204 $2doi
=035  \\$a(OCoLC)933433191
=040  \\$aFlBoTFG$cFlBoTFG$erda$beng
=043  \\$aa-cc---
=050  \4$aDS777.55$b.R87 2016
=082  04$a951.05$bR971
=245  04$aThe rustication of urban youth in China :$ba social experiment /$cedited by Peter J. Seybolt.
=264  \1$aAbingdon, Oxon :$bRoutledge,$c©2016.
=300  \\$a1 online resource (xxxi, 200 pages) :$btext file, PDF
=336  \\$atext$2rdacontent
=337  \\$acomputer$2rdamedia
=338  \\$aonline resource$2rdacarrier
=490  1\$aRoutledge revivals
=500  \\$aFirst published in 1975 by M.E. Sharpe Inc.
=504  \\$aIncludes bibliographical references.
=505  0\$a1. Make progress in doing a good job with educated youths who have gone up to the mountains and down to the countryside -- 2. The great task of cultivating successors to the Proletarian revolutionary cause -- 3. The placement is good, the education is good, the utilization is good -- 4. Erh-shih-chia-tzu commune is doing a good job with educated youths who have gone down to the countryside -- 5. Hung-ch'i brigade is concerned about all aspects of the growth of educated youths who have gone down to the countryside -- 6. Full enthusiasm, careful work -- 7. How we cultivated the growth of Hou Chun under the leadership of the party -- 8. Consolidate and develop the great achievements of educated youths who have gone up to the mountains and down to the countryside -- 9. Important content of the revolution in education -- 10. As the party nurtured me, so will I nurture the educated youths -- 11. Teaching by word and deed, lead the new troops well -- 12. On the question of teaching our sons and daughters to go down to the countryside to engage in agriculture -- 13. The deputy commander teaches his daughter to engage in agriculture.
=530  \\$aAlso available in print format.
=650  \0$aForced migration$zChina.
=650  \0$aYouth$zChina.
=651  \0$aChina$xIntellectual life.
=655  \7$aElectronic books.$2lcsh
=700  1\$aSeybolt, Peter J.
=776  08$iPrint version: $z9781138191792$q(Hardback)
=793  0\$aTaylor & Francis online monographs (UCSD)
=830  \0$aRoutledge revivals.
=856 40$zTaylor & Francis. Restricted to UCSD IP addresses.$uhttps://www.taylorfrancis.com/books/9781317276319

