=LDR  02404cam a2200541Ii 4500
=001  TF9781136291494
=003  FlBoTFG
=005  20180331111825.0
=006  m\\\\\o\\d\\\\\\\\
=007  cr\\\\\\\\\\\\
=008  180331s2016\\\\nyu\\\\\ob\\\\001\0\eng\d
=020  \\$a9781136291494$q(e-book: PDF)
=020  \\$z9780203114568$q(e-book : PDF)
=020  \\$z9781138486515$q(paperback)
=020  \\$z9780415532372$q(hardback)
=020  \\$z9781136291487$q(e-book: ePub)
=020  \\$z9781136291449$q(e-book: Mobi)
=020  \\$a9780203114568 (e-book)
=020  \\$a9781136291449 (e-book: Mobi)
=020  \\$a9781136291487 (e-book: ePub)
=020  \\$a9780415532372 (hardback)
=020  \\$a9781138486515 (paperback)
=024  7\$a10.4324/9780203114568 $2doi
=035  \\$a(OCoLC)946887441
=040  \\$aFlBoTFG$cFlBoTFG$erda$beng
=043  \\$af------$an-us---
=050  \4$aJZ6009.A35$bG75 2016
=082  04$a355.0310973096$bG855
=100  1\$aGriffiths, Robert J.,$eauthor.
=245  10$aU.S. security cooperation with Africa :$bpolitical and policy challenges /$cRobert J. Griffiths.
=246  3\$aUnited States security cooperation with Africa
=264  \1$aNew York :$bRoutledge,$c©2016.
=300  \\$a1 online resource (xx, 189 pages) :$btext file, PDF
=336  \\$atext$2rdacontent
=337  \\$acomputer$2rdamedia
=338  \\$aonline resource$2rdacarrier
=490  1\$aRoutledge advances in international relations and global politics ;$v127
=504  \\$aIncludes bibliographical references and index.
=505  0\$a1. The state, politics, and the African security landscape -- 2. An overview of Africa's conflict zones -- 3. American engagement with Africa -- 4. The establishment of AFRICOM -- 5. Africa's strategic environment and the U.S. global posture.
=530  \\$aAlso available in print format.
=610  10$aUnited States.$bAfrica Command.
=650  \0$aSecurity, International$zAfrica.
=651  \0$aAfrica$xMilitary relations$zUnited States.
=651  \0$aUnited States$xMilitary relations$zAfrica.
=655  \7$aElectronic books.$2lcsh
=776  08$iPrint version: $z9780415532372(Hardback)$w(DLC) 2015042902
=793  0\$aTaylor & Francis online monographs (UCSD)
=830  \0$aRoutledge advances in international relations and global politics ;$v127.
=856 40$zTaylor & Francis. Restricted to UCSD IP addresses.$uhttps://www.taylorfrancis.com/books/9781136291494

