=LDR  02156cam a2200505Ii 4500
=001  TF9781315726311
=003  FlBoTFG
=005  20180331111825.0
=006  m\\\\\o\\d\\\\\\\\
=007  cr\\\\\\\\\\\\
=008  180331s2016\\\\enk\\\\\ob\\\\001\0\eng\d
=020  \\$a9781317536550 (e-book: PDF)$q(e-book : PDF)
=020  \\$z9781317536550$q(e-book: PDF)
=020  \\$z9781317536543$q(e-book: ePub)
=020  \\$z9781317536536$q(e-book: Mobi)
=020  \\$z9781138776708$q(hardback)
=020  \\$z9781138309920$q(paperback)
=020  \\$a9781315726311 (e-book)
=020  \\$a9781317536536 (e-book: Mobi)
=020  \\$a9781317536543 (e-book: ePub)
=020  \\$a9781138776708 (hardback)
=020  \\$a9781138309920 (paperback)
=024  7\$a10.4324/9781315726311 $2doi
=035  \\$a(OCoLC)958110144
=040  \\$aFlBoTFG$cFlBoTFG$erda$beng
=043  \\$ae------
=050  \4$aJZ1570.A5$bE9737 2016
=082  04$a341.2422$bE893
=245  04$aThe European Union's foreign policy in comparative perspective :$bevaluating and generating hypotheses on 'actorness and power' /$cedited by Ingo Peters.
=264  \1$aLondon ;$aNew York :$bRoutledge,$c©2016.
=300  \\$a1 online resource (xiv, 292 pages) :$btext file, PDF
=336  \\$atext$2rdacontent
=337  \\$acomputer$2rdamedia
=338  \\$aonline resource$2rdacarrier
=490  1\$aRoutledge/UACES contemporary European studies ;$v30
=504  \\$aIncludes bibliographical references and index.
=505  0\$apt. 1. Foreign economic policy -- pt. 2. Common foreign and security policy/peace- and state-building -- pt. 3. Crisis management, missions and operations.
=530  \\$aAlso available in print format.
=650  \0$aWorld politics$y1989-
=651  \0$aEuropean Union countries$xForeign relations.
=655  \7$aElectronic books.$2lcsh
=700  1\$aPeters, Ingo.
=776  08$iPrint version: $z9781138776708$q(Hardback)$w(DLC) 2015022296
=793  0\$aTaylor & Francis online monographs (UCSD)
=830  \0$aRoutledge/UACES contemporary European studies series ;$v30.
=856 40$zTaylor & Francis. Restricted to UCSD IP addresses.$uhttps://www.taylorfrancis.com/books/9781317536550

