=LDR  02230cam a2200529Ii 4500
=001  TF9781315542423
=003  FlBoTFG
=005  20180331111825.0
=006  m\\\\\o\\d\\\\\\\\
=007  cr\\\\\\\\\\\\
=008  180331s2017\\\\enkab\\\ob\\\\001\0\eng\d
=020  \\$a9781134878871 (e-book: PDF)$q(e-book : PDF)
=020  \\$z9781134878871$q(e-book: PDF)
=020  \\$z9781134879014$q(e-book: Mobi)
=020  \\$z9781138952225$q(hardback)
=020  \\$a9781315542423 (e-book)
=020  \\$a9781134879014 (e-book: Mobi)
=020  \\$a9781138952225 (hardback)
=024  7\$a10.4324/9781315542423 $2doi
=035  \\$a(OCoLC)966701042
=040  \\$aFlBoTFG$cFlBoTFG$erda$beng
=043  \\$ae------
=050  \4$aD131$b.R68 2017
=082  04$a355.02180940902$bR869
=245  04$aThe Routledge history handbook of medieval revolt /$cedited by Justine Firnhaber-Baker with Dirk Schoenaers.
=246  30$aHistory handbook of medieval revolt
=264  \1$aLondon ;$aNew York, N.Y. :$bRoutledge,$c©2017.
=300  \\$a1 online resource (xiii, 384 pages) :$billustrations, text file, PDF
=336  \\$atext$2rdacontent
=337  \\$acomputer$2rdamedia
=338  \\$aonline resource$2rdacarrier
=490  0\$aRoutledge history handbooks
=504  \\$aIncludes bibliographical references and index.
=505  0\$apt. I. Conceptualising revolt : then and now -- pt. II. Socio-political contexts : identity, motivation, and mobilisation -- pt. III. Communication : language, performance, and violence.
=530  \\$aAlso available in print format.
=650  \0$aMiddle Ages.
=650  \0$aRevolutions$zEurope$xHistory$yTo 1500.
=650  \0$aSocial conflict$zEurope$xHistory$yTo 1500.
=650  \0$aViolence$zEurope$xHistory$yTo 1500.
=651  \0$aEurope$xHistory$y476-1492.
=651  \0$aEurope$xPolitics and government$y476-1492.
=651  \0$aEurope$xSocial conditions$yTo 1492.
=655  \7$aElectronic books.$2lcsh
=700  1\$aFirnhaber-Baker, Justine.
=700  1\$aSchoenaers, Dirk.
=776  08$iPrint version: $z9781138952225(Hardback)$w 2016019411
=793  0\$aTaylor & Francis online monographs (UCSD)
=856 40$zTaylor & Francis. Restricted to UCSD IP addresses.$uhttps://www.taylorfrancis.com/books/9781134878871

