=LDR  02023cam a2200481Ii 4500
=001  TF9781315566733
=003  FlBoTFG
=005  20180331102445.0
=006  m\\\\\o\\d\\\\\\\\
=007  cr\\\\\\\\\\\\
=008  180331s2016\\\\enka\\\\ob\\\\001\0deng\d
=020  \\$a9781317182146 (e-book: PDF)$q(e-book : PDF)
=020  \\$z9781317182146$q(e-book: PDF)
=020  \\$z9781317182139$q(e-book: ePub)
=020  \\$z9781317182122$q(e-book: Mobi)
=020  \\$z9781472469168$q(hardback)
=020  \\$a9781315566733 (e-book)
=020  \\$a9781317182122 (e-book: Mobi)
=020  \\$a9781317182139 (e-book: ePub)
=020  \\$a9781472469168 (hardback)
=024  7\$a10.4324/9781315566733 $2doi
=035  \\$a(OCoLC)948171214
=040  \\$aFlBoTFG$cFlBoTFG$erda$beng
=050  \4$aQD24.H45$bH43 2016
=082  04$a540.112$bH452
=100  1\$aHedesan, Georgiana D.,$eauthor.
=245  13$aAn alchemical quest for universal knowledge :$bthe 'Christian philosophy' of Jan Baptist Van Helmont (1579-1644) /$cGeorgiana D. Hedesan.
=264  \1$aAbingdon, Oxon :$bRoutledge,$c©2016.
=300  \\$a1 online resource (ix, 242  pages) :$billustrations, text file, PDF
=336  \\$atext$2rdacontent
=337  \\$acomputer$2rdamedia
=338  \\$aonline resource$2rdacarrier
=490  0\$aUniversal reform: studies in intellectual history, 1550-1700
=504  \\$aIncludes bibliographical references and index.
=505  0\$apt. 1. Van Helmont in context -- pt. 2. The principles of Van Helmont's 'Christian philosophy'.
=530  \\$aAlso available in print format.
=538  \\$aMode of access: World Wide Web.
=600  10$aHelmont, Jean Baptiste van,$d1577-1644.
=650  \0$aAlchemy$xReligious aspects$xChristianity.
=650  \0$aChristian philosophy.
=655  \7$aElectronic books.$2lcsh
=776  08$iPrint version: $z9781472469168(Hardback)$w 2016288131
=793  0\$aTaylor & Francis online monographs (UCSD)
=856 40$zTaylor & Francis. Restricted to UCSD IP addresses.$uhttps://www.taylorfrancis.com/books/9781317182146

