=LDR  03933cam a2200517Ii 4500
=001  TF9781135005993
=003  FlBoTFG
=005  20180331111825.0
=006  m\\\\\o\\d\\\\\\\\
=007  cr\\\\\\\\\\\\
=008  180331s2016\\\\enk\\\\\ob\\\\001\0\eng\d
=020  \\$a9781135005993$q(e-book: PDF)
=020  \\$z9780203727799$q(e-book : PDF)
=020  \\$z9780415856263$q(hardback)
=020  \\$z9781135005986$q(e-book: ePub)
=020  \\$z9781135005979$q(e-book: Mobi)
=020  \\$a9780203727799 (e-book)
=020  \\$a9781135005979 (e-book: Mobi)
=020  \\$a9781135005986 (e-book: ePub)
=020  \\$a9780415856263 (hardback)
=024  7\$a10.4324/9780203727799 $2doi
=035  \\$a(OCoLC)930083232
=040  \\$aFlBoTFG$cFlBoTFG$erda$beng
=050  \4$aHM742$b.M68 2016
=082  04$a302.231$bM918
=100  1\$aMotion, Judy.,$eauthor.
=245  10$aSocial media and public relations :$bfake friends and powerful publics /$cJudy Motion, Robert L. Heath and Shirley Leitch.
=250  \\$aFirst edition.
=264  \1$aAbingdon, Oxon ;$aNew York :$bRoutledge,$c©2016.
=300  \\$a1 online resource (x, 224 pages) :$btext file, PDF
=336  \\$atext$2rdacontent
=337  \\$acomputer$2rdamedia
=338  \\$aonline resource$2rdacarrier
=490  1\$aRoutledge new directions in public relations and communication research
=504  \\$aIncludes bibliographical references and index.
=505  0\$a1. Identify the problems : social media and public relations -- 2. "Don't do anything stupid" : social media affordances, policies, and governance agendas -- 3. Create yourself : corporate identity for interconnected publics -- 4. Speak the truth : transparency, power/knowledge, and authenticity -- 5. Engage : one-way, two-way, and every-way -- 6. Connect creatively : worlds, identities, and publics as content production and co-production -- 7. Engage critically : activist power -- 8. Protect yourself : issues of privacy and regulation -- 9. Know your risks : a collective orientation -- 10. Navigate the issues : situating power/knowledge within public relations -- 11. Reshape policy : public-private clashes and collaborative dialogue -- 12. Conclusion.
=520  \\$a"Social media has had a profound, and as yet not fully understood impact on public relations. In the 24/7 world of perpetually-connected publics, will public relations function as a dark art that spins (or tweets) the truth for credulous publics? Or must public relations be reconceptualized under the full glare of the internet and the expectations of increasingly powerful publics? The purpose of this book is to examine the role of public relations in social media through an exploration of the myriad ways that social media is reshaping its core concepts and activities. In particular, it examines the dichotomies of fake and authentic, powerful and powerless, meaning and meaningful. It also examines the key transgressions committed by practitioners: the paucity of digital literacy, a widespread lack of understanding of the norms of social media, a naivety about the corporate identity risks, and a prevalent emphasis on spin and persuasion rather than on authentic engagement. This challenging and fascinating book will be of interest to all students, researchers and practitioners in Public Relations, Media and Communication Studies"--$cProvided by publisher.
=530  \\$aAlso available in print format.
=650  \0$aPublic relations.
=650  \0$aSocial media.
=655  \7$aElectronic books.$2lcsh
=700  1\$aHeath, Robert L.$q(Robert Lawrence),$d1941-
=700  1\$aLeitch, Shirley,$d1960-
=776  08$iPrint version: $z9780415856263(Hardback)$w(DLC) 2015021332
=793  0\$aTaylor & Francis online monographs (UCSD)
=830  \0$aRoutledge new directions in public relations and communication research.
=856 40$zTaylor & Francis. Restricted to UCSD IP addresses.$uhttps://www.taylorfrancis.com/books/9781135005993

