=LDR  02016cam a2200505Ii 4500
=001  TF9781315671833
=003  FlBoTFG
=005  20180331111825.0
=006  m\\\\\o\\d\\\\\\\\
=007  cr\\\\\\\\\\\\
=008  180331s2016\\\\enka\\\\ob\\\\001\0\eng\d
=020  \\$a9781317371328 (e-book: PDF)$q(e-book : PDF)
=020  \\$z9781317371328$q(e-book: PDF)
=020  \\$z9781317371311$q(e-book: ePub)
=020  \\$z9781317371304$q(e-book: Mobi)
=020  \\$z9780415707329$q(hardback)
=020  \\$z9780415707336$q(paperback)
=020  \\$a9781315671833 (e-book)
=020  \\$a9781317371304 (e-book: Mobi)
=020  \\$a9781317371311 (e-book: ePub)
=020  \\$a9780415707329 (hardback)
=020  \\$a9780415707336 (paperback)
=024  7\$a10.4324/9781315671833 $2doi
=035  \\$a(OCoLC)958105985
=040  \\$aFlBoTFG$cFlBoTFG$erda$beng
=050  \4$aD16.14$b.O76 2016
=082  04$a907.2$bO632
=245  04$aThe oral history reader /$cedited by Robert Perks and Alistair Thomson.
=250  \\$aThird edition.
=264  \1$aLondon ;$aNew York :$bRoutledge,$c©2016.
=300  \\$a1 online resource (xx, 721 pages) :$billustrations, text file, PDF
=336  \\$atext$2rdacontent
=337  \\$acomputer$2rdamedia
=338  \\$aonline resource$2rdacarrier
=490  1\$aRoutledge readers in history
=504  \\$aIncludes bibliographical references (p. [689]-695) and index.
=505  0\$apt. 1. Critical developments : introduction -- pt. 2. Interviewing -- pt. 3. Interpreting memories -- pt. 4. Making histories -- pt. 5. Advocacy and empowerment.
=530  \\$aAlso available in print format.
=650  \0$aOral history.
=655  \7$aElectronic books.$2lcsh
=700  1\$aPerks, Robert.
=700  1\$aThomson, Alistair.
=776  08$iPrint version: $z9780415707329(Hardback)$w 2015016095
=793  0\$aTaylor & Francis online monographs (UCSD)
=830  \0$aRoutledge readers in history.
=856 40$zTaylor & Francis. Restricted to UCSD IP addresses.$uhttps://www.taylorfrancis.com/books/9781317371328

