=LDR  03127cam a2200529Ii 4500
=001  TF9781315629896
=003  FlBoTFG
=005  20180331111825.0
=006  m\\\\\o\\d\\\\\\\\
=007  cr\\\\\\\\\\\\
=008  180331s2017\\\\enkad\\\ob\\\\001\0\eng\d
=020  \\$a9781317245407 (e-book: PDF)$q(e-book : PDF)
=020  \\$z9781317245407$q(e-book: PDF)
=020  \\$z9781317245384$q(e-book: Mobi)
=020  \\$z9781138190894$q(hardback)
=020  \\$z9781138588110$q(paperback)
=020  \\$a9781315629896 (e-book)
=020  \\$a9781317245384 (e-book: Mobi)
=020  \\$a9781138190894 (hardback)
=020  \\$a9781138588110 (paperback)
=024  7\$a10.4324/9781315629896 $2doi
=035  \\$a(OCoLC)960048559
=040  \\$aFlBoTFG$beng$erda$cFlBoTFG
=043  \\$aa-cc---
=050  \4$aJQ1509.5.P64$bC49 2017
=082  04$a320.951$bC539
=245  00$aChinese politics as fragmented authoritarianism :$bearthquakes, energy and environment /$cedited by Kjeld Erik Br2dsgaard.
=264  \1$aLondon ;$aNew York :$bRoutledge,$c©2017.
=300  \\$a1 online resource :$btext file, PDF
=336  \\$atext$2rdacontent
=337  \\$acomputer$2rdamedia
=338  \\$aonline resource$2rdacarrier
=490  1\$aChina policy series ;$v44
=504  \\$aIncludes bibliographical references and index.
=505  0\$a1. Introduction / Andrew Mertha and Kjeld Erik Br2dsgaard -- 2. Revisiting fragmented authoritarianism in China's central energy administration / Nis Grunberg -- 3. 'Fragmented authoritarianism' or 'integrated fragmentation'? / Kjeld Erik Br2dsgaard -- 4. Tobacco control in China : institutions, bureaucratic noncompliance and policy ineffectiveness / Jiwei Qian -- 5. Unorthodox approaches to public participation in authoritarian regimes : the making of China's recent healthcare reforms / Yoel Kornreich -- 6. Private interests in Chinese politics : a case study on health care sector reforms / Daniele Brombal -- 7. Bargaining science : negotiating earthquakes / Louise Lyngfeldt Gorm Hansen -- 8. 'When one place is in trouble, help comes from all sides' : fragmented authoritarianism in post-disaster reconstruction / Christian Sorace -- 9. Urban climate change politics in China : fragmented authoritarianism and governance innovations in Hangzhou / J2rgen Delman -- 10. The domestic politics of China's financial reform / Yang Jiang -- 11. Catalysts to the fragmented party control of the gun : is it hollowed from inside-out? / You Ji.
=530  \\$aAlso available in print format.
=650  \0$aAuthoritarianism$zChina.
=650  \0$aBureaucracy$zChina.
=650  \0$aEnvironmental policy$zChina.
=650  \0$aMedical policy$zChina.
=650  \0$aPolitical planning$zChina.
=651  \0$aChina$xPolitics and government$y2002-
=655  \7$aElectronic books.$2lcsh
=700  1\$aBr2dsgaard, Kjeld Erik,$eeditor...
=776  08$iPrint version: $z9781138190894(Hardback)$w  2016007379
=793  0\$aTaylor & Francis online monographs (UCSD)
=830  \0$aChina policy series ;$v44.
=856 40$zTaylor & Francis. Restricted to UCSD IP addresses.$uhttps://www.taylorfrancis.com/books/9781317245407

