=LDR  02007cam a2200445Ii 4500
=001  TF9781315774855
=003  FlBoTFG
=005  20180331111825.0
=006  m\\\\\o\\d\\\\\\\\
=007  cr\\\\\\\\\\\\
=008  180331s2017\\\\enkab\\\ob\\\\001\0\eng\d
=020  \\$a9781317685685 (e-book: PDF)$q(e-book : PDF)
=020  \\$z9781317685685$q(e-book: PDF)
=020  \\$z9781317685661$q(e-book: Mobi)
=020  \\$z9781138025820$q(hardback)
=020  \\$z9781138025837$q(paperback)
=020  \\$a9781315774855 (e-book)
=020  \\$a9781317685661 (e-book: Mobi)
=020  \\$a9781138025820 (hardback)
=020  \\$a9781138025837 (paperback)
=035  \\$a(OCoLC)960040244
=040  \\$aFlBoTFG$cFlBoTFG$erda$beng
=050  \4$aTS156.17.I86$bT748 2017
=082  04$a658.022$bT823
=100  1\$aTricker, Ray.,$eauthor.
=245  10$aISO 9001:2015 for small businesses /$cRay Tricker.
=250  \\$aSixth edition.
=264  \1$aLondon ;$aNew York :$bRoutledge,$c©2017.
=300  \\$a1 online resource (xxv, 649 pages) :$billustrations, text file, PDF
=336  \\$atext$2rdacontent
=337  \\$acomputer$2rdamedia
=338  \\$aonline resource$2rdacarrier
=504  \\$aIncludes bibliographical references and index.
=505  0\$a1. What is the importance of quality to small businesses? -- 2. What is the background to ISO 9000? -- 3. The process approach -- 4. What is a quality management system? -- 5. The structure of ISO 9001:2015 -- 6. Example quality management system -- 7. Self-assessment -- 8. What are the costs involved in an organisation obtaining registration to this standard?
=530  \\$aAlso available in print format.
=650  \0$aISO 9000 Series Standards.
=650  \0$aSmall business$xQuality control.
=655  \7$aElectronic books.$2lcsh
=776  08$iPrint version: $z9781138025820$q(Hardback)$w(DLC) 2015046787
=793  0\$aTaylor & Francis online monographs (UCSD)
=856 40$zTaylor & Francis. Restricted to UCSD IP addresses.$uhttps://www.taylorfrancis.com/books/9781317685685

