=LDR  02080cam a2200469Ii 4500
=001  TF9781315542959
=003  FlBoTFG
=005  20180331102445.0
=006  m\\\\\o\\d\\\\\\\\
=007  cr\\\\\\\\\\\\
=008  180331s2017\\\\enk\\\\\ob\\\\001\0\eng\d
=020  \\$a9781134867745 (e-book: PDF)$q(e-book : PDF)
=020  \\$z9781134867745$q(e-book: PDF)
=020  \\$z9781134867882$q(e-book: Mobi)
=020  \\$z9781138685857$q(hardback)
=020  \\$z9781138685864$q(paperback)
=020  \\$a9781315542959 (e-book)
=020  \\$a9781134867882 (e-book: Mobi)
=020  \\$a9781138685857 (hardback)
=020  \\$a9781138685864 (paperback)
=024  7\$a10.4324/9781315542959 $2doi
=035  \\$a(OCoLC)965826716
=040  \\$aFlBoTFG$cFlBoTFG$erda$beng
=050  \4$aT14.5$b.G635 2017
=082  04$a609$bG619
=100  1\$aGolding, Edward L.,$eauthor.
=245  12$aA history of technology and environment :$bfrom stone tools to ecological crisis /$cEdward L. Golding.
=264  \1$aLondon ;$aNew York :$bRoutledge,$c©2017.
=300  \\$a1 online resource :$btext file, PDF
=336  \\$atext$2rdacontent
=337  \\$acomputer$2rdamedia
=338  \\$aonline resource$2rdacarrier
=504  \\$aIncludes bibliographical references and index.
=505  0\$a1. Over-harvesting of natural resources : hunting and fishing -- 2. Over-harvesting of natural resouces : fresh water -- 3. People and the land -- 4. Manufactured chemicals -- 5. Chemicals in the environment -- 6. Power technologies -- 7. Environmental impacts of fossil fuels -- 8. Nuclear power and renewable energy.
=530  \\$aAlso available in print format.
=538  \\$aMode of access: World Wide Web.
=650  \0$aTechnology and civilization.
=650  \0$aTechnology$xEnvironmental aspects.
=650  \0$aTechnology$xSocial aspects.
=655  \7$aElectronic books.$2lcsh
=776  08$iPrint version: $z9781138685857(Hardback)$w 2016028222
=793  0\$aTaylor & Francis online monographs (UCSD)
=856 40$zTaylor & Francis. Restricted to UCSD IP addresses.$uhttps://www.taylorfrancis.com/books/9781134867745

