=LDR  02974cam a2200577Ii 4500
=001  TF9780203060308
=003  FlBoTFG
=005  20180331102445.0
=006  m\\\\\o\\d\\\\\\\\
=007  cr\\\\\\\\\\\\
=008  130331s2002\\\\enkad\\\ob\\\\001\0\eng\d
=020  \\$a9780203060308 (e-book : PDF)
=020  \\$a9780415338288 (paperback)
=020  \\$a9781136002229 (e-book: PDF)
=020  \\$a9781136002304 (e-book: ePub)
=020  \\$a9781136002380 (e-book: Mobi)
=020  \\$a9781138167407 (hardback)
=024  7\$a10.4324/9780203060308 $2doi
=035  \\$a(OCoLC)52975618
=040  \\$aFlBoTFG$cFlBoTFG$erda
=043  \\$aa-cc---$aas-----
=090  \\$aHD2901$b.C45 2002
=092  \\$a338.04089951$bC539
=245  00$aChinese entrepreneurship and Asian business networks /$cedited by Thomas Menkhoff and Solvay Gerke.
=264  \1$aLondon ;$aNew York :$bRoutledgeCurzon,$c2002.
=300  \\$a1 online resource (xv, 335 pages) :$billustrations, text file, PDF
=336  \\$atext$2rdacontent
=337  \\$acomputer$2rdamedia
=338  \\$aonline resource$2rdacarrier
=500  \\$a"Some of the papers included in this monograph were presented at an international conference ... entitled 'Crisis management--Chinese entrepreneurs and business networks in Southeast Asia', held at the University of Bonn ... in May 1999"--Ackn.
=504  \\$aIncludes bibliographical references and index.
=505  0\$apt. 1. Introduction -- pt. 2. Coping with change and crisis : Chinese businesses under siege? -- pt. 3. Synergies between the Chinese diaspora and Chinese business organizations in the People's Republic of China and Vietnam -- pt. 4. Chinese network capitalism and guanxi transactions reconsidered -- pt. 5. Towards a comparative perspective of ethnic (Chinese) entrepreneurship -- pt. 6. Looking back and forward.
=506  \\$aLicense restrictions may limit access.
=506  \\$aSubscription required for access to full text.
=530  \\$aAlso available in print format.
=533  \\$aElectronic reproduction.$b[London, Eng. :$bTaylor and Francis,$d2012].$nPDF file created from digital scan of print book.
=650  \0$aBusiness networks$zChina.
=650  \0$aBusiness networks$zSoutheast  Asia.
=650  \0$aChinese$zSoutheast Asia$xEconomic conditions.
=650  \0$aCorporate culture$zChina.
=650  \0$aCorporate culture$zSoutheast  Asia.
=650  \0$aCorporations, Chinese$zSoutheast  Asia.
=650  \0$aEntrepreneurship$zChina.
=650  \0$aEntrepreneurship$zSoutheast  Asia.
=651  \0$aChina$xForeign economic relations$zSoutheast  Asia.
=651  \0$aSoutheast Asia$xForeign economic relations$zChina.
=655  \7$aElectronic books.$2lcsh
=700  1\$aGerke, Solvay.
=700  1\$aMenkhoff, Thomas.
=776  08$iPrint version: $z9781138167407$q(Hardback)
=793  0\$aTaylor & Francis online monographs (UCSD)
=856 40$zTaylor & Francis. Restricted to UCSD IP addresses.$uhttps://www.taylorfrancis.com/books/9781136002229

