=LDR  03461cam a2200541Ii 4500
=001  TF9781315659183
=003  FlBoTFG
=005  20180331111825.0
=006  m\\\\\o\\d\\\\\\\\
=007  cr\\\\\\\\\\\\
=008  180331s2016\\\\enk\\\\\ob\\\\001\0\eng\d
=020  \\$a9781317333296 (e-book: PDF)$q(e-book : PDF)
=020  \\$z9781317333296$q(e-book: PDF)
=020  \\$z9781317333289$q(e-book: ePub)
=020  \\$z9781317333272$q(e-book: Mobi)
=020  \\$z9781138962804$q(hardback)
=020  \\$a9781315659183 (e-book)
=020  \\$a9781317333272 (e-book: Mobi)
=020  \\$a9781317333289 (e-book: ePub)
=020  \\$a9781138962804 (hardback)
=024  7\$a10.4324/9781315659183 $2doi
=035  \\$a(OCoLC)948603960
=040  \\$aFlBoTFG$cFlBoTFG$erda$beng
=043  \\$aa-io---
=050  \4$aDS646.67$b.A525 2016
=082  04$a959.85204$bA316
=100  1\$aAl Qurtuby, Sumanto,$d1975-,$eauthor.
=245  10$aReligious violence and conciliation in Indonesia :$bChristians and Muslims in the Moluccas /$cSumanto Al Qurtuby.
=264  \1$aLondon ;$aNew York :$bRoutledge,$c©2016.
=300  \\$a1 online resource (xiv, 215 pages) :$btext file, PDF
=336  \\$atext$2rdacontent
=337  \\$acomputer$2rdamedia
=338  \\$aonline resource$2rdacarrier
=490  1\$aRoutledge contemporary Southeast Asia series ;$v80
=504  \\$aIncludes bibliographical references (p. [195]-207) and index.
=505  0\$a1. The Moluccas sectarian unrest : religion, history, and local dynamics -- 2. Perang Sabil : Islam, radicalism, and the idea of holy war -- 3. Perang Salib : Christianity, militancy, and the imagery of the Crusades -- 4. The indigenous systems of brotherhood and dispute resolution -- 5. Christian and Muslim leaders and the idea of reconciliation -- 6. Grassroots agencies and the peace movement -- 7. Government responses towards peacebuilding initiatives -- 8. Contemporary Moluccas : religion, regionalism, and citizenship.
=520  \\$a"Maluku in Eastern Indonesia is the home to Muslims, Protestants, and Catholics who had for the most part been living peaceably since the sixteenth century. In 1999, brutal conflicts broke out between local Christians and Muslims, and escalated into large-scale communal violence once the Laskar Jihad, a Java-based armed jihadist Islamic paramilitary group, sent several thousand fighters to Maluku. As a result of this escalated violence, the previously stable Maluku became the site of devastating interreligious wars. This book focuses on the interreligious violence and conciliation in this region. It examines factors underlying the interreligious violence as well as those shaping post-conflict peace and citizenship in Maluku"--$cProvided by publisher.
=530  \\$aAlso available in print format.
=650  \0$aChristianity and other religions$xIslam.
=650  \0$aChristianity and other religions$zIndonesia$zMaluku.
=650  \0$aEthnic conflict$zIndonesia$zMaluku.
=650  \0$aIslam$xRelations$xChristianity$zIndonesia$zMaluku.
=650  \0$aViolence$xReligious aspects$xChristianity.
=650  \0$aViolence$xReligious aspects$xIslam.
=655  \7$aElectronic books.$2lcsh
=776  08$iPrint version: $z9781138962804(Hardback)$w 2015037426
=793  0\$aTaylor & Francis online monographs (UCSD)
=830  \0$aRoutledge contemporary Southeast Asia series ;$v80.
=856 40$zTaylor & Francis. Restricted to UCSD IP addresses.$uhttps://www.taylorfrancis.com/books/9781317333296

