=LDR  02011cam a2200481Ii 4500
=001  TF9781315576909
=003  FlBoTFG
=005  20180331102445.0
=006  m\\\\\o\\d\\\\\\\\
=007  cr\\\\\\\\\\\\
=008  180331s2016\\\\enka\\\\ob\\\\001\0\eng\d
=020  \\$a9781317151630 (e-book: PDF)$q(e-book : PDF)
=020  \\$z9781317151630$q(e-book: PDF)
=020  \\$z9781317151623$q(e-book: ePub)
=020  \\$z9781317151616$q(e-book: Mobi)
=020  \\$z9781472424914$q(hardback)
=020  \\$a9781315576909 (e-book)
=020  \\$a9781317151616 (e-book: Mobi)
=020  \\$a9781317151623 (e-book: ePub)
=020  \\$a9781472424914 (hardback)
=024  7\$a10.4324/9781315576909 $2doi
=035  \\$a(OCoLC)944909765
=040  \\$aFlBoTFG$cFlBoTFG$erda$beng
=050  \4$aBR195.W6$bD48 2016
=082  04$a270.6082$bD513
=245  00$aDevout laywomen in the early modern world /$cedited by Alison Weber.
=264  \1$aLondon ;$aNew York :$bRoutledge,$c©2016.
=300  \\$a1 online resource (viii, 257  pages) :$billustrations, text file, PDF
=336  \\$atext$2rdacontent
=337  \\$acomputer$2rdamedia
=338  \\$aonline resource$2rdacarrier
=490  1\$aWomen and gender in the early modern world
=504  \\$aIncludes bibliographical references and index.
=505  0\$apt. 1. Service -- pt. 2. Perceptions of holiness -- pt. 3. Confessional crossings -- pt. 4. Alliances.
=530  \\$aAlso available in print format.
=538  \\$aMode of access: World Wide Web.
=650  \0$aMonastic and religious life of women$xHistory$yEarly church, ca. 30-600.
=650  \0$aWomen in Christianity$xHistory$yEarly church, ca. 30-600.
=655  \7$aElectronic books.$2lcsh
=700  1\$aWeber, Alison,$d1947-
=776  08$iPrint version: $z9781472424914(Hardback)$w 2015031556
=793  0\$aTaylor & Francis online monographs (UCSD)
=830  \0$aWomen and gender in the early modern world.
=856 40$zTaylor & Francis. Restricted to UCSD IP addresses.$uhttps://www.taylorfrancis.com/books/9781317151630

