=LDR  02135cam a2200529Ii 4500
=001  TF9781315667959
=003  FlBoTFG
=005  20180331111825.0
=006  m\\\\\o\\d\\\\\\\\
=007  cr\\\\\\\\\\\\
=008  180331s2016\\\\nyuad\\\ob\\\\001\0\eng\d
=020  \\$a9781317359661 (e-book: PDF)$q(e-book : PDF)
=020  \\$z9781317359661$q(e-book: PDF)
=020  \\$z9781317359654$q(e-book: ePub)
=020  \\$z9781317359647$q(e-book: Mobi)
=020  \\$z9781138951839$q(hardback)
=020  \\$z9781138488144$q(paperback)
=020  \\$a9781315667959 (e-book)
=020  \\$a9781317359647 (e-book: Mobi)
=020  \\$a9781317359654 (e-book: ePub)
=020  \\$a9781138951839 (hardback)
=020  \\$a9781138488144 (paperback)
=024  7\$a10.4324/9781315667959 $2doi
=035  \\$a(OCoLC)948602580
=040  \\$aFlBoTFG$cFlBoTFG$erda$beng
=043  \\$ae------$acl-----$aa------
=050  \4$aHC241$b.C745 2016
=082  04$a337.1$bC932
=245  00$aCrisis and institutional change in regional integration /$cedited by Sabine Saurugger and Fabien Terpan.
=264  \1$aNew York :$bRoutledge,$c©2016.
=300  \\$a1 online resource (xiii, 226 pages) :$billustrations, text file, PDF
=336  \\$atext$2rdacontent
=337  \\$acomputer$2rdamedia
=338  \\$aonline resource$2rdacarrier
=490  0\$aRoutledge studies on challenges, crises and dissent in world politics ;$v2
=504  \\$aIncludes bibliographical references and index.
=505  0\$apt. 1. European integration -- pt. 2. Latin American regional integration -- pt. 3. Asian regional integration.
=530  \\$aAlso available in print format.
=650  \0$aFinancial crises.
=651  \0$aAsia$xEconomic integration.
=651  \0$aEurope$xEconomic integration.
=651  \0$aLatin America$xEconomic integration.
=655  \7$aElectronic books.$2lcsh
=700  1\$aSaurugger, Sabine.
=700  1\$aTerpan, Fabien.
=776  08$iPrint version: $z9781138951839(Hardback)$w 2015042344
=793  0\$aTaylor & Francis online monographs (UCSD)
=856 40$zTaylor & Francis. Restricted to UCSD IP addresses.$uhttps://www.taylorfrancis.com/books/9781317359661

