=LDR  02217cam a2200469Ii 4500
=001  TF9781315688992
=003  FlBoTFG
=005  20180331111825.0
=006  m\\\\\o\\d\\\\\\\\
=007  cr\\\\\\\\\\\\
=008  180331s2017\\\\enk\\\\\ob\\\\001\0\eng\d
=020  \\$a9781317422815 (e-book: PDF)$q(e-book : PDF)
=020  \\$z9781317422815$q(e-book: PDF)
=020  \\$z9781317422792$q(e-book: Mobi)
=020  \\$z9781138917439$q(hardback)
=020  \\$z9781138917460$q(paperback)
=020  \\$a9781315688992 (e-book)
=020  \\$a9781317422792 (e-book: Mobi)
=020  \\$a9781138917439 (hardback)
=020  \\$a9781138917460 (paperback)
=024  7\$a10.4324/9781315688992 $2doi
=035  \\$a(OCoLC)968345524
=040  \\$aFlBoTFG$cFlBoTFG$erda$beng
=050  \4$aPN94$b.S45 2017
=082  04$a801.950904$bB872
=100  1\$aBrooker, Peter.,$eauthor.
=245  12$aA reader's guide to contemporary literary theory /$cPeter Brooker, Raman Selden, Peter Widdowson.
=250  \\$aSixth edition.
=264  \1$aLondon ;$aNew York :$bRoutledge,$c©2017.
=300  \\$a1 online resource (ix, 308 pages) :$btext file, PDF
=336  \\$atext$2rdacontent
=337  \\$acomputer$2rdamedia
=338  \\$aonline resource$2rdacarrier
=504  \\$aIncludes bibliographical references and index.
=505  0\$a1. New criticism, moral formalism and F. R. Leavis -- 2. Russian formalism and the Bakhtin School -- 3. Reader-oriented theories -- 4. Structuralism -- 5. Marxism -- 6. Psychoanalysis -- 7. Feminism -- 8. Poststructuralism, new historicism and cultural materialism -- 9. Postmodernism -- 10. Postcolonialism, race and ethnicity -- 11. Gay, lesbian and queer theories -- 12. Post-theory -- 13. Ecocriticism, animal studies, thing theory -- 14. World literature and digital humanities.
=530  \\$aAlso available in print format.
=650  \0$aCriticism$xHistory$y20th century.
=655  \7$aElectronic books.$2lcsh
=700  1\$aSelden, Raman.
=700  1\$aWiddowson, Peter.
=776  08$iPrint version: $z9781138917439(Hardback)$w  2016035199
=793  0\$aTaylor & Francis online monographs (UCSD)
=856 40$zTaylor & Francis. Restricted to UCSD IP addresses.$uhttps://www.taylorfrancis.com/books/9781317422815

