=LDR  02235cam a2200481Ii 4500
=001  TF9781315316888
=003  FlBoTFG
=005  20180330125217.0
=006  m\\\\\o\\d\\\\\\\\
=007  cr\\\\\\\\\\\\
=008  180331s2017\\\\enk\\\\\ob\\\\001\0deng\d
=020  \\$a9781315316871 (e-book: PDF)$q(e-book : PDF)
=020  \\$z9781315316871$q(e-book: PDF)
=020  \\$z9781315316857$q(e-book: Mobi)
=020  \\$z9780754667193$q(hardback)
=020  \\$a9781315316888 (e-book)
=020  \\$a9781315316857 (e-book: Mobi)
=020  \\$a9780754667193 (hardback)
=024  7\$a10.4324/9781315316888 $2doi
=035  \\$a(OCoLC)966362134
=040  \\$aFlBoTFG$cFlBoTFG$erda$beng
=043  \\$ae-uk---
=050  \4$aBR758$b.G87 2017
=082  04$a274.107$bG981
=100  1\$aGurses Tarbuck, diferya.,$eauthor.
=245  10$aEnlightenment Reformation :$bHutchinsonianism and religion in eighteenth-century Britain /$cdiferya Gurses Tarbuck.
=264  \1$aLondon ;$aNew York :$bRoutledge,$c©2017.
=300  \\$a1 online resource (ix, 159 pages) :$btext file, PDF
=336  \\$atext$btxt$2rdacontent
=337  \\$acomputer$bc$2rdamedia
=338  \\$aonline resource$bcr$2rdacarrier
=504  \\$aIncludes bibliographical references and index.
=505  0\$a1. A variety of 'Hutchinsonianism' -- 2. The times, the need and the man -- 3. A compact defence against an overall assault : the Trinitarian system of John Hutchinson -- 4. The controversy over Elahim : 1735-1773 -- 5. Academic Hutchinsonians and their quest for relevance : 1734-1770 -- 6. From modiferation to assimilation : 1777-1806.
=530  \\$aAlso available in print format.
=600  10$aHutchinson, John,$d1674-1737.
=650  \0$aEnlightenment$zGreat Britain.
=650  \0$aPhilosophy and religion$zGreat Britain$xHistory$y18th century.
=650  \0$aReligion and science.
=651  \0$aGreat Britain$xChurch history$y18th century.
=651  \0$aGreat Britain$xIntellectual life$y18th century.
=655  \7$aElectronic books.$2lcsh
=776  08$iPrint version: $z9780754667193(Hardback)$w 2016035296
=793  0\$aTaylor & Francis online monographs (UCSD)
=856 40$zTaylor & Francis. Restricted to UCSD IP addresses.$uhttps://www.taylorfrancis.com/books/9781315316871

