=LDR  02430cam a2200541Ii 4500
=001  TF9781315645414
=003  FlBoTFG
=005  20180331111825.0
=006  m\\\\\o\\d\\\\\\\\
=007  cr\\\\\\\\\\\\
=008  180331r20161990enk\\\\\ob\\\\001\0deng\d
=020  \\$a9781317291947 (e-book: PDF)$q(e-book : PDF)
=020  \\$z9781317291947$q(e-book: PDF)
=020  \\$z9781317291930$q(e-book: ePub)
=020  \\$z9781317291923$q(e-book: Mobi)
=020  \\$z9781138184084$q(hardback)
=020  \\$z9781138184114$q(paperback)
=020  \\$a9781315645414 (e-book)
=020  \\$a9781317291923 (e-book: Mobi)
=020  \\$a9781317291930 (e-book: ePub)
=020  \\$a9781138184084 (hardback)
=020  \\$a9781138184114 (paperback)
=024  7\$a10.4324/9781315645414 $2doi
=035  \\$a(OCoLC)933433343
=040  \\$aFlBoTFG$cFlBoTFG$erda$beng
=043  \\$ae-ie---
=050  \4$aPR6019.O9$bZ5815 2016
=082  04$a823.912$bH513
=100  1\$aHenke, Suzette A.,$eauthor.
=245  10$aJames Joyce and the politics of desire /$cSuzette A. Henke.
=264  \1$aLondon :$bRoutledge,$c©2016.
=300  \\$a1 online resource (xiii, 288 pages) :$btext file, PDF
=336  \\$atext$2rdacontent
=337  \\$acomputer$2rdamedia
=338  \\$aonline resource$2rdacarrier
=490  0\$aRoutledge library editions: James Joyce ;$vvol. 4
=500  \\$aFirst published in 1990 by Routledge.
=504  \\$aIncludes bibliographical references and index.
=505  0\$a1. Through a cracked looking-glass: desire and frustration in Dubliners -- 2. Stephen Dedalus and women: a portrait of the artist as a young narcissist -- 3. Interpreting Exiles: the aesthetics of unconsummated desire -- 4. Uncoupling Ulysses: Joyce's new womanly man -- 5. Molly Bloom: the woman's story -- 6. Reading Finnegans wake: the feminiairity which breathes content.
=530  \\$aAlso available in print format.
=600  10$aJoyce, James,$d1882-1941$xCriticism and interpretation.
=650  \0$aDesire in literature.
=650  \0$aFeminism and literature$zIreland.
=650  \0$aPsychoanalysis and literature$zIreland.
=650  \0$aPsychological fiction, English$xHistory and criticism.
=655  \7$aElectronic books.$2lcsh
=776  08$iPrint version: $z9781138184084$q(Hardback)
=793  0\$aTaylor & Francis online monographs (UCSD)
=856 40$zTaylor & Francis. Restricted to UCSD IP addresses.$uhttps://www.taylorfrancis.com/books/9781317291947

