=LDR  02278cam a2200505Ii 4500
=001  TF9781315683867
=003  FlBoTFG
=005  20180331111825.0
=006  m\\\\\o\\d\\\\\\\\
=007  cr\\\\\\\\\\\\
=008  180331r20161990enka\\\\ob\\\\001\0\eng\d
=020  \\$a9781317407454 (e-book: PDF)$q(e-book : PDF)
=020  \\$z9781317407454$q(e-book: PDF)
=020  \\$z9781317407447$q(e-book: ePub)
=020  \\$z9781317407430$q(e-book: Mobi)
=020  \\$z9781138925236$q(hardback)
=020  \\$z9781138925267$q(paperback)
=020  \\$a9781315683867 (e-book)
=020  \\$a9781317407430 (e-book: Mobi)
=020  \\$a9781317407447 (e-book: ePub)
=020  \\$a9781138925236 (hardback)
=020  \\$a9781138925267 (paperback)
=024  7\$a10.4324/9781315683867 $2doi
=035  \\$a(OCoLC)948602658
=040  \\$aFlBoTFG$cFlBoTFG$erda$beng
=050  \4$aRC531$b.P69 2016
=082  04$a616.8522$bP886
=100  1\$aPowell, Trevor J.,$d1955-,$eauthor.
=245  10$aAnxiety and stress management /$cTrevor J. Powell and Simon J. Enright.
=264  \1$aLondon ;$aNew York :$bRoutledge,$c©2016.
=300  \\$a1 online resource (x, 196 pages) :$billustrations, text file, PDF
=336  \\$atext$2rdacontent
=337  \\$acomputer$2rdamedia
=338  \\$aonline resource$2rdacarrier
=490  0\$aRoutledge library editions. Anxiety ;$vv. 5
=500  \\$aFirst published in 1990 by Routledge.
=504  \\$aIncludes bibliographical references (p. 186-190) and indexes.
=505  0\$a1. What we know about stress : a model based on research -- 2. Diagnostic classification and theories of anxiety -- 3. Assessment -- 4. Anxiety and stress : the process of education -- 5. Self-help techniques explained -- 6. Helping clients to change their lifestyles -- 7. Running an anxiety management group -- 8. Some case-study examples of treating anxiety and stress.
=530  \\$aAlso available in print format.
=650  \0$aAnxiety$xTreatment.
=650  \0$aStress management.
=655  \7$aElectronic books.$2lcsh
=700  1\$aEnright, Simon J.,$d1960-
=776  08$iPrint version: $z9781138925236$q(Hardback)
=793  0\$aTaylor & Francis online monographs (UCSD)
=856 40$zTaylor & Francis. Restricted to UCSD IP addresses.$uhttps://www.taylorfrancis.com/books/9781317407454

