=LDR  02517cam a2200469Ii 4500
=001  TF9781315590097
=003  FlBoTFG
=005  20180331102445.0
=006  m\\\\\o\\d\\\\\\\\
=007  cr\\\\\\\\\\\\
=008  180331s2016\\\\enka\\\\ob\\\\001\0\eng\d
=020  \\$a9781317112068 (e-book: PDF)$q(e-book : PDF)
=020  \\$z9781317112068$q(e-book: PDF)
=020  \\$z9781317112051$q(e-book: ePub)
=020  \\$z9781317112044$q(e-book: Mobi)
=020  \\$z9781472458094$q(hardback)
=020  \\$a9781315590097 (e-book)
=020  \\$a9781317112044 (e-book: Mobi)
=020  \\$a9781317112051 (e-book: ePub)
=020  \\$a9781472458094 (hardback)
=024  7\$a10.4324/9781315590097 $2doi
=035  \\$a(OCoLC)958107025
=040  \\$aFlBoTFG$cFlBoTFG$erda$beng
=050  \4$aHV6773.5$b.I85 2016
=082  04$a364.156088297$bI825
=245  00$aIslamophobia in cyberspace :$bhate crimes go viral /$cedited by Imran Awan.
=264  \1$aFarnham, Surrey [England] ;$aBurlington, Vt. :$bAshgate,$c©2016.
=300  \\$a1 online resource (viii, 163  pages) :$billustrations, text file, PDF
=336  \\$atext$2rdacontent
=337  \\$acomputer$2rdamedia
=338  \\$aonline resource$2rdacarrier
=504  \\$aIncludes bibliographical references and index.
=505  0\$a1. Cyber-Islamophobia and internet hate crime / Imran Awan -- 2. Virtual Islamophobia : the eight faces of anti-Muslim trolls on Twitter / Imran Awan -- 3. The normalisation of Islamophobia through social media : Facebook / Andre Oboler -- 4. Online hate and political activist groups / Brian Blakemore -- 5. The media impact of online Islamophobia : an analysis of the Woolwich murder / Mohammed Rahman -- 6. The psychology of online Islamophobia / Jane Prince -- 7. Legislation and international frameworks tackling online Islamophobia / Ewan Kirk -- 8. Policing anti-Muslim hate crime on the internet / Imran Awan -- 9. The experiences of victims of online Islamophobia / Jeane Gerard and Kate Whitfield -- 10. Islamophobia, hate crime and the internet / Imran Awan.
=530  \\$aAlso available in print edition.
=538  \\$aMode of access: World Wide Web.
=650  \0$aComputer crimes.
=650  \0$aHate crimes.
=650  \0$aIslamophobia.
=655  \7$aElectronic books.$2lcsh
=700  1\$aAwan, Imran.
=776  08$iPrint version: $z9781472458094(Hardback)$w 2015022702
=793  0\$aTaylor & Francis online monographs (UCSD)
=856 40$zTaylor & Francis. Restricted to UCSD IP addresses.$uhttps://www.taylorfrancis.com/books/9781317112068

