=LDR  03119cam a2200517Ii 4500
=001  TF9781315636610
=003  FlBoTFG
=005  20180331111825.0
=006  m\\\\\o\\d\\\\\\\\
=007  cr\\\\\\\\\\\\
=008  180331s2017\\\\enkad\\\ob\\\\001\0\eng\d
=020  \\$a9781317265566 (e-book: PDF)$q(e-book : PDF)
=020  \\$z9781317265566$q(e-book: PDF)
=020  \\$z9781317265559$q(e-book: ePub)
=020  \\$z9781317265542$q(e-book: Mobi)
=020  \\$z9781138640436$q(hardback)
=020  \\$z9781138604643$q(paperback)
=020  \\$a9781315636610 (e-book)
=020  \\$a9781317265542 (e-book: Mobi)
=020  \\$a9781317265559 (e-book: ePub)
=020  \\$a9781138640436 (hardback)
=020  \\$a9781138604643 (paperback)
=024  7\$a10.4324/9781315636610 $2doi
=035  \\$a(OCoLC)959609730
=040  \\$aFlBoTFG$cFlBoTFG$erda$beng
=043  \\$aae-----
=050  \4$aJZ1720$b.R43 2017
=082  04$a303.4825$bR336
=245  00$aRegional community building in East Asia :$bcountries in focus /$cedited by Lee Lai To and Zarina Othman.
=264  \1$aLondon ;$aNew York :$bRoutledge,$c©2017.
=300  \\$a1 online resource (xxiii, 326 pages) :$billustrations, text file, PDF
=336  \\$atext$2rdacontent
=337  \\$acomputer$2rdamedia
=338  \\$aonline resource$2rdacarrier
=490  1\$aPolitics in Asia series
=504  \\$aIncludes bibliographical references and index.
=505  0\$a1. Brunei Darussalam : participation in ASEAN and ASEAN Plus Three / Azaharaini HJ. Mohd. Jamil -- 2. Cambodia : from isolation to involvement in regional community building / Sorpong Peou -- 3. Indonesia : maintaining a leading role in the making of the ASEAN and APT community / Mangadar Situmorang -- 4. Laos : economic and social development towards the ASEAN Economic Community (AEC) / Phouphet Kyophilavong, Somchith Souksavath and Sengchanh Chantasene -- 5. Malaysia and the development of Asian regionalism / Nor Azizan Idris and Zarina Othman -- 6. The Republic of Union of Myanmar and the ASEAN and APT processes / Maung Maung Soe -- 7. The Philippines : everything in place / Jose Rhommel B. Hernandez -- 8. Singapore : the dynamics of city state development and relations with ASEAN and APT / Kong Chong Ho -- 9. Thailand : political, economic, and social development towards a closer community / Pinn Siraprapasiri -- 10. Viet Nam in ASEAN Plus Three : cooperation for a better future / Nguyen Hong Son -- 11. China : an emerging power in the making of the APT community / Wei Min -- 12. Japan : living in and with Asia / Sachiko Hirakawa -- 13. Major perspectives of South Korea and ASEAN cooperation / Pan Suk Kim.
=530  \\$aAlso available in print format.
=610  20$aASEAN.
=650  \0$aEast Asian cooperation.
=655  \7$aElectronic books.$2lcsh
=700  1\$aLee, Lai To.
=700  1\$aZarina Othman.
=776  08$iPrint version: $z9781138640436(Hardback)$w 2016010200
=793  0\$aTaylor & Francis online monographs (UCSD)
=830  \0$aPolitics in Asia series.
=856 40$zTaylor & Francis. Restricted to UCSD IP addresses.$uhttps://www.taylorfrancis.com/books/9781317265566

