=LDR  02584cam a2200529Ii 4500
=001  TF9781315717814
=003  FlBoTFG
=005  20180331111825.0
=006  m\\\\\o\\d\\\\\\\\
=007  cr\\\\\\\\\\\\
=008  180331s2016\\\\nyuad\\\ob\\\\001\0\eng\d
=020  \\$a9781317511120 (e-book: PDF)$q(e-book : PDF)
=020  \\$z9781317511120$q(e-book: PDF)
=020  \\$z9781317511113$q(e-book: ePub)
=020  \\$z9781317511106$q(e-book: Mobi)
=020  \\$z9781138858640$q(hardback)
=020  \\$z9780815355113$q(paperback)
=020  \\$a9781315717814 (e-book)
=020  \\$a9781317511106 (e-book: Mobi)
=020  \\$a9781317511113 (e-book: ePub)
=020  \\$a9781138858640 (hardback)
=020  \\$a9780815355113 (paperback)
=024  7\$a10.4324/9781315717814 $2doi
=035  \\$a(OCoLC)958108190
=040  \\$aFlBoTFG$cFlBoTFG$erda$beng
=043  \\$aas-----
=050  \4$aRA576.7.A85$bV37 2016
=082  04$a363.73920959$bV313
=100  1\$aVarkkey, Helena.,$eauthor.
=245  14$aThe haze problem in Southeast Asia :$bpalm oil and patronage /$cHelena Varkkey.
=264  \1$aNew York :$bRoutledge,$c©2016.
=300  \\$a1 online resource (xv, 227 pages) :$billustrations, text file, PDF
=336  \\$atext$2rdacontent
=337  \\$acomputer$2rdamedia
=338  \\$aonline resource$2rdacarrier
=490  1\$aRoutledge Malaysian studies series ;$v17
=504  \\$aIncludes bibliographical references and index.
=505  0\$aThe Indonesian oil palm sector and haze -- The state as facilitator of regionalization -- Regionalization and patronage politics -- The regionalism of haze mitigation at the ASEAN level.
=520  \\$a"Despite the efforts of Southeast Asian governments and of ASEAN, transboundary haze continues to be a major environmental problem in Southeast Asia. This book demonstrates that the issue is complex, and explains why efforts to solve the problem in purely political terms are ineffective, and likely to continue to be ineffective"--$cProvided by publisher.
=530  \\$aAlso available in print format.
=650  \0$aAir$xPollution$xPolitical aspects$zSoutheast Asia.
=650  \0$aEnvironmental protection$xPolitical aspects$zSoutheast Asia.
=650  \0$aHaze$xEnvironmental aspects$zSoutheast Asia.
=655  \7$aElectronic books.$2lcsh
=776  08$iPrint version: $z9781138858640$q(Hardback)$w(DLC) 2015002876
=793  0\$aTaylor & Francis online monographs (UCSD)
=830  \0$aRoutledge Malaysian studies series ;$v17.
=856 40$zTaylor & Francis. Restricted to UCSD IP addresses.$uhttps://www.taylorfrancis.com/books/9781317511120

