=LDR  02745cam a2200505Ii 4500
=001  TF9781315692029
=003  FlBoTFG
=005  20180331111825.0
=006  m\\\\\o\\d\\\\\\\\
=007  cr\\\\\\\\\\\\
=008  180331s2016\\\\enkad\\\ob\\\\001\0\eng\d
=020  \\$a9781317431886 (e-book: PDF)$q(e-book : PDF)
=020  \\$z9781317431886$q(e-book: PDF)
=020  \\$z9781317431879$q(e-book: ePub)
=020  \\$z9781317431862$q(e-book: Mobi)
=020  \\$z9781138912298$q(hardback)
=020  \\$z9781138498556$q(paperback)
=020  \\$a9781315692029 (e-book)
=020  \\$a9781317431862 (e-book: Mobi)
=020  \\$a9781317431879 (e-book: ePub)
=020  \\$a9781138912298 (hardback)
=020  \\$a9781138498556 (paperback)
=024  7\$a10.4324/9781315692029 $2doi
=035  \\$a(OCoLC)950004734
=040  \\$aFlBoTFG$cFlBoTFG$erda$beng
=050  \4$aHV6431$b.V567 2016
=082  04$a363.32502854678$bV795
=245  00$aViolent extremism online :$bnew perspectives on terrorism and the Internet /$cedited by Anne Aly .. [et al.].
=264  \1$aAbingdon, Oxon ;$aNew York, N.Y. :$bRoutledge,$c©2016.
=300  \\$a1 online resource (xiv, 194 pages) :$billustrations, text file, PDF
=336  \\$atext$2rdacontent
=337  \\$acomputer$2rdamedia
=338  \\$aonline resource$2rdacarrier
=490  1\$aMedia, war and security
=504  \\$aIncludes bibliographical references and index.
=505  0\$a1. "Electronic Jihad" : the Internet as al-Qaeda's catalyst for global terror / Martin Rudner -- 2. The call to Jihad : charismatic preachers and the internet / Angela Gendron --  3. Why do terrorists migrate to social media? / Gabriel Weimann -- 4. #Westgate : a case study : How al Shabaab used Twitter during an ongoing attack / David Mair -- 5. Violent extremism online and the criminal trial / Keiran Hardy -- 6. Brothers, believers, brave mujahideen : focusing attention on the audience of violent jihadist preachers / Anne Aly -- 7. Determining the role of the internet in violent extremism and terrorism : six suggestions for progressing research / Maura Conway -- 8. Grasping at thin air : countering terrorist narratives online / Sarah Logan -- 9. Narratives and counter-narratives of Islamist extremism / Halim Rane.
=530  \\$aAlso available in print format.
=650  \0$aExtremist Web sites.
=650  \0$aInternet and terrorism.
=650  \0$aTerrorists$xRecruiting.
=655  \7$aElectronic books.$2lcsh
=700  1\$aAly, Anne,$d1967-
=776  08$iPrint version: $z9781138912298(Hardback)$w 2016003339
=793  0\$aTaylor & Francis online monographs (UCSD)
=830  \0$aMedia, war and security.
=856 40$zTaylor & Francis. Restricted to UCSD IP addresses.$uhttps://www.taylorfrancis.com/books/9781317431886

