=LDR  02692cam a2200541Ii 4500
=001  TF9781315769318
=003  FlBoTFG
=005  20180331111825.0
=006  m\\\\\o\\d\\\\\\\\
=007  cr\\\\\\\\\\\\
=008  180331s2016\\\\nyu\\\\\ob\\\\001\0\eng\d
=020  \\$a9781317669074 (e-book: PDF)$q(e-book : PDF)
=020  \\$z9781317669074$q(e-book: PDF)
=020  \\$z9781317669067$q(e-book: ePub)
=020  \\$z9781317669050$q(e-book: Mobi)
=020  \\$z9781138782211$q(hardback)
=020  \\$z9781138782228$q(paperback)
=020  \\$a9781315769318 (e-book)
=020  \\$a9781317669050 (e-book: Mobi)
=020  \\$a9781317669067 (e-book: ePub)
=020  \\$a9781138782211 (hardback)
=020  \\$a9781138782228 (paperback)
=024  7\$a10.4324/9781315769318 $2doi
=035  \\$a(OCoLC)946887427
=040  \\$aFlBoTFG$cFlBoTFG$erda$beng
=050  \4$aQC903$b.F58 2016
=082  04$a363.73874$bF561
=100  1\$aFitzRoy, Felix.,$eauthor.
=245  13$aAn introduction to climate change economics and policy /$cFelix R. FitzRoy and Elissaios Papyrakis.
=250  \\$aSecond edition.
=264  \1$aNew York :$bRoutledge,$c©2016.
=300  \\$a1 online resource (xii, 242 pages) :$btext file, PDF
=336  \\$atext$2rdacontent
=337  \\$acomputer$2rdamedia
=338  \\$aonline resource$2rdacarrier
=490  1\$aRoutledge textbooks in environmental and agricultural economics ;$v16
=504  \\$aIncludes bibliographical references (p. 214-234) and index.
=505  0\$a1. Introduction -- 2 Basic science : and some politics : of climate change -- 3. Sustainable agriculture : sequestering carbon for food security -- 4. Economic growth, well-being and sustainability -- 5. Development in a changing climate -- 6. Ethics and climate change -- 7. Kyoto, Paris and other international environmental agreements -- 8. Incentives for mitigation : carbon taxes and emissions trading -- 9. The costs of climate change and the benefits of mitigation -- 10. Green fiscal policy : from austerity to full employment in a low-carbon economy.
=530  \\$aAlso available in print format.
=650  \0$aClimatic changes$xEconomic aspects.
=650  \0$aClimatic changes$xGovernment policy.
=650  \0$aClimatic changes$xMoral and ethical aspects.
=650  \0$aEconomic policy.
=655  \7$aElectronic books.$2lcsh
=700  1\$aPapyrakis, Elissaios.
=776  08$iPrint version: $z9781138782211$q(Hardback)$w(DLC) 2015043080
=793  0\$aTaylor & Francis online monographs (UCSD)
=830  \0$aRoutledge textbooks in environmental and agricultural economics ;$v16.
=856 40$zTaylor & Francis. Restricted to UCSD IP addresses.$uhttps://www.taylorfrancis.com/books/9781317669074

