=LDR  01998cam a2200469Ii 4500
=001  TF9781315472096
=003  FlBoTFG
=005  20180331102445.0
=006  m\\\\\o\\d\\\\\\\\
=007  cr\\\\\\\\\\\\
=008  130331s2017\\\\nyuac\\\ob\\\\001\0\eng\d
=020  \\$a9781315472089 (e-book: PDF)$q(e-book : PDF)
=020  \\$z9781315472089$q(e-book: PDF)
=020  \\$z9781315472065$q(e-book: Mobi)
=020  \\$z9780415881821$q(hardback)
=020  \\$z9780415881838$q(paperback)
=020  \\$a9781315472096 (e-book)
=020  \\$a9781315472065 (e-book: Mobi)
=020  \\$a9780415881821 (hardback)
=020  \\$a9780415881838 (paperback)
=024  7\$a10.4324/9781315472096 $2doi
=035  \\$a(OCoLC)950084407
=040  \\$aFlBoTFG$cFlBoTFG$erda$beng
=050  \4$aML3556$b.I87 2017
=082  04$a780.8996073$bI864
=245  00$aIssues in African American music :$bpower, gender, race, representation /$cedited by Portia K. Maultsby and Mellonee V. Burnim.
=264  \1$aNew York, N.Y. ;$aLondon :$bRoutledge,$c©2017.
=300  \\$a1 online resource (xiv, 418 pages) :$billustrations, text file, PDF
=336  \\$atext$2rdacontent
=337  \\$acomputer$2rdamedia
=338  \\$aonline resource$2rdacarrier
=504  \\$aIncludes bibliographical references and index.
=505  0\$apt. I. Interpreting music -- pt. II. Mass mediation -- pt. III. Gender -- pt. IV. Musical agency : African American music as resistance.
=530  \\$aAlso available in print format.
=650  \0$aAfrican American musicians.
=650  \0$aAfrican Americans$xMusic$xHistory and criticism.
=650  \0$aMusic$xAfrican American influences.
=655  \7$aElectronic books.$2lcsh
=700  1\$aBurnim, Mellonee V.$q(Mellonee Victoria),$d1950-
=700  1\$aMaultsby, Portia K.
=776  08$iPrint version: $z9780415881821(Hardback)$w 2016015215
=793  0\$aTaylor & Francis online monographs (UCSD)
=856 40$zTaylor & Francis. Restricted to UCSD IP addresses.$uhttps://www.taylorfrancis.com/books/9781315472089

