=LDR  01529cam a2200409Ii 4500
=001  TF9781315231938
=003  FlBoTFG
=005  20180403105931.0
=006  m\\\\\o\\d\\\\\\\\
=007  cr\cn\\\\\\\\\
=008  180403s2018\\\\enk\\\\\ob\\\\001\0\eng\d
=020  \\$a9781351866552 (e-book: PDF)
=020  \\$a9781315231938 (e-book)
=020  \\$a9781351866538 (e-book: Mobi)
=020  \\$a9781138293748 (hardback)
=035  \\$a(OCoLC)1023830581
=040  \\$aDLC$beng$dFlBoTFG$erda$cDLC
=090  \\$aHA34$b.P65 2018
=092  \\$a174.90057$bP769
=245  04$aThe politics and policies of big data :$bbig data, big brother? /$cedited by Ann Rudinow Sætnan, Ingrid Schneider, and Nicola Green.
=264  \1$aAbingdon, Oxon ;$aNew York, NY :$bRoutledge,$c2018.
=300  \\$axi, 345 pages ;$c[ca. 23-29] cm
=336  \\$atext$2rdacontent
=337  \\$acomputer$2rdamedia
=338  \\$aonline resource$2rdacarrier
=504  \\$aIncludes bibliographical references and index.
=530  \\$aAlso available in print format.
=650  \0$aConfidential communications$xStatistical services.
=650  \0$aBig data$xPolitical aspects.
=650  \0$aBig data$xSocial aspects.
=650  \0$aPrivacy, Right of.
=655  \7$aElectronic books.$2lcsh
=700  1\$aSaetnan, Ann Rudinow,$eeditor.
=700  1\$aSchneider, Ingrid,$d1962-$eeditor.
=700  1\$aGreen, Nicola,$d1969-$eeditor.
=776  08$iPrint version:$z9781138293748 (hardback)
=793  0\$aTaylor & Francis online monographs (UCSD)
=856 40$zTaylor & Francis. Restricted to UCSD IP addresses.$uhttps://www.taylorfrancis.com/books/9781351866552

