=LDR  02197cam a2200517Ii 4500
=001  TF9781134477494
=003  FlBoTFG
=005  20180331111825.0
=006  m\\\\\o\\d\\\\\\\\
=007  cr\\\\\\\\\\\\
=008  180331s2016\\\\enkabc\\ob\\\\001\0\eng\d
=020  \\$a9781134477494$q(e-book: PDF)
=020  \\$z9780203762844$q(e-book : PDF)
=020  \\$z9780415870894$q(hardback)
=020  \\$z9781134477562$q(e-book: ePub)
=020  \\$z9781134477630$q(e-book: Mobi)
=020  \\$a9780203762844 (e-book)
=020  \\$a9781134477630 (e-book: Mobi)
=020  \\$a9781134477562 (e-book: ePub)
=020  \\$a9780415870894 (hardback)
=024  7\$a10.4324/9780203762844 $2doi
=035  \\$a(OCoLC)958103279
=040  \\$aFlBoTFG$cFlBoTFG$erda$beng
=050  \4$aBF378.S65$bR685 2016
=082  04$a153.12$bR869
=245  00$aRoutledge international handbook of memory studies /$c[edited by] Anna Lisa Tota and Trever Hagen.
=246  30$aInternational handbook of memory studies
=264  \1$aLondon ;$aNew York :$bRoutledge,$c©2016.
=300  \\$a1 online resource (xxii, 546 pages) :$billustrations, text file, PDF
=336  \\$atext$2rdacontent
=337  \\$acomputer$2rdamedia
=338  \\$aonline resource$2rdacarrier
=490  1\$aRoutledge international handbooks
=504  \\$aIncludes bibliographical references and index.
=505  0\$apt. 1. Theories and perspectives -- pt. 2. Cultural artifacts, symbols and social practices -- pt. 3. Public, transnational and transitional memories -- pt. 4. Technologies of memory -- pt. 5. Terror, violence and disasters -- pt. 6. Body and ecosystems.
=530  \\$aAlso available in print format.
=650  \0$aCollective memory.
=650  \0$aMemory (Philosophy)
=650  \0$aMemory$xSocial aspects.
=650  \0$aRecollection (Psychology)
=655  \7$aElectronic books.$2lcsh
=700  1\$aHagen, Trever.
=700  1\$aTota, Anna Lisa,$d1965-
=776  08$iPrint version: $z9780415870894(Hardback)$w(DLC) 2015008639
=793  0\$aTaylor & Francis online monographs (UCSD)
=830  \0$aRoutledge international handbooks.
=856 40$zTaylor & Francis. Restricted to UCSD IP addresses.$uhttps://www.taylorfrancis.com/books/9781134477494

