=LDR  02853cam a2200613Ii 4500
=001  TF9781315559124
=003  FlBoTFG
=005  20180331102445.0
=006  m\\\\\o\\d\\\\\\\\
=007  cr\\\\\\\\\\\\
=008  180331s2017\\\\enka\\\\ob\\\\001\0\eng\d
=020  \\$a9781317194118 (e-book: PDF)$q(e-book : PDF)
=020  \\$z9781317194118$q(e-book: PDF)
=020  \\$z9781317194101$q(e-book: ePub)
=020  \\$z9781317194095$q(e-book: Mobi)
=020  \\$z9781138678064$q(hardback)
=020  \\$z9780815357582$q(paperback)
=020  \\$a9781315559124 (e-book)
=020  \\$a9781317194095 (e-book: Mobi)
=020  \\$a9781317194101 (e-book: ePub)
=020  \\$a9781138678064 (hardback)
=020  \\$a9780815357582 (paperback)
=024  7\$a10.4324/978131559124 $2doi
=035  \\$a(OCoLC)958480899
=040  \\$aFlBoTFG$cFlBoTFG$erda$beng
=043  \\$aa-cc---$aa-cc-hk$aa-ch---
=050  \4$aPN1993.5.C4$bZ46 2017
=082  04$a791.430951$bZ638
=100  1\$aZhou, Xuelin.,$eauthor.
=245  10$aYouth culture in Chinese-language film /$cXuelin Zhou.
=264  \1$aAbingdon, Oxon ;$aNew York, N.Y :$bRoutledge,$c©2017.
=300  \\$a1 online resource (xxiv, 195  pages) :$billustrations, text file, PDF
=336  \\$atext$2rdacontent
=337  \\$acomputer$2rdamedia
=338  \\$aonline resource$2rdacarrier
=490  1\$aMedia, culture and social change in Asia ;$v47
=504  \\$aIncludes bibliographical references and index.
=505  0\$a1. Introduction -- 2. The film industries of Hong Kong, Taiwan, mainland China -- 3. 'We all grow up like this' : coming of age in Taiwan cinema -- 4. 'Villagers in the metropolis' : young peasant workers in Chinese cinema -- 5. 'Cramming for college' : high school boys and girls in Taiwan cinema -- 6. 'Spring sunshine' : school films in the People's Republic of China -- 7. 'Made in Hong Kong' : youth genre in Hong Kong cinema -- 8. Conclusion.
=530  \\$aAlso available in print format.
=538  \\$aMode of access: World Wide Web.
=650  \0$aMotion picture industry$zChina$zHong Kong.
=650  \0$aMotion picture industry$zChina.
=650  \0$aMotion picture industry$zTaiwan.
=650  \0$aMotion pictures$xSocial aspects$zChina$zHong Kong.
=650  \0$aMotion pictures$xSocial aspects$zChina.
=650  \0$aMotion pictures$xSocial aspects$zTaiwan.
=650  \0$aMotion pictures$zChina$zHong Kong.
=650  \0$aMotion pictures$zChina.
=650  \0$aMotion pictures$zTaiwan.
=650  \0$aYouth in motion pictures.
=655  \7$aElectronic books.$2lcsh
=776  08$iPrint version: $z9781138678064(Hardback)$w  2016009861
=793  0\$aTaylor & Francis online monographs (UCSD)
=830  \0$aMedia, culture, and social change in Asia series ;$v47.
=856 40$zTaylor & Francis. Restricted to UCSD IP addresses.$uhttps://www.taylorfrancis.com/books/9781317194118

