=LDR  02361cam a2200517Ii 4500
=001  TF9781315624570
=003  FlBoTFG
=005  20180331111825.0
=006  m\\\\\o\\d\\\\\\\\
=007  cr\\\\\\\\\\\\
=008  180331s2016\\\\enka\\\\ob\\\\001\0\eng\d
=020  \\$a9781317229391 (e-book: PDF)$q(e-book : PDF)
=020  \\$z9781317229391$q(e-book: PDF)
=020  \\$z9781317229384$q(e-book: ePub)
=020  \\$z9781317229377$q(e-book: Mobi)
=020  \\$z9781138944039$q(hardback)
=020  \\$z9781138944046$q(paperback)
=020  \\$a9781315624570 (e-book)
=020  \\$a9781317229377 (e-book: Mobi)
=020  \\$a9781317229384 (e-book: ePub)
=020  \\$a9781138944039 (hardback)
=020  \\$a9781138944046 (paperback)
=024  7\$a10.4324/9781315624570 $2doi
=035  \\$a(OCoLC)950459610
=035  \\$a(OCoLC)950638927
=040  \\$aFlBoTFG$cFlBoTFG$erda$beng
=050  \4$aP308$b.M54 2016
=082  04$a418.020285$bM636
=100  1\$aMikhailov, Mikhail$c(Translator),$eauthor.
=245  10$aCorpus linguistics for translation and contrastive studies :$ba guide for research /$cMikhail Mikhailov and Robert Cooper.
=264  \1$aLondon ;$aNew York :$bRoutledge,$c©2016.
=300  \\$a1 online resource (xxiii, 233 pages) :$billustrations, text file, PDF
=336  \\$atext$2rdacontent
=337  \\$acomputer$2rdamedia
=338  \\$aonline resource$2rdacarrier
=490  0\$aRoutledge corpus linguistics guides
=504  \\$aIncludes bibliographical references and index.
=505  0\$a1. Parallel text corpora : a general overview -- 2. Designing and compiling a parallel corpus -- 3. Using parallel corpora : basic search procedures -- 4. Processing search results -- 5. Using parallel corpora : more advanced search procedures -- 6. Applications of parallel corpora -- 7. A survey of available parallel corpora.
=530  \\$aAlso available in print format.
=650  \0$aContrastive linguistics$xData processing.
=650  \0$aCorpora (Linguistics)
=650  \0$aTranslating and interpreting$xData processing.
=655  \7$aElectronic books.$2lcsh
=700  1\$aCooper, Robert$c(English lecturer)
=776  08$iPrint version: $z9781138944039(Hardback)$w 2015041659
=793  0\$aTaylor & Francis online monographs (UCSD)
=856 40$zTaylor & Francis. Restricted to UCSD IP addresses.$uhttps://www.taylorfrancis.com/books/9781317229391

