=LDR  02819cam a2200505Ii 4500
=001  TF9781315581330
=003  FlBoTFG
=005  20180331102445.0
=006  m\\\\\o\\d\\\\\\\\
=007  cr\\\\\\\\\\\\
=008  180331r20162015enk\\\\\ob\\\\001\0\eng\d
=020  \\$a9781317138341 (e-book: PDF)$q(e-book : PDF)
=020  \\$z9781317138341$q(e-book: PDF)
=020  \\$z9781317138334$q(e-book: ePub)
=020  \\$z9781317138327$q(e-book: Mobi)
=020  \\$z9781472433503$q(hardback)
=020  \\$a9781315581330 (e-book)
=020  \\$a9781317138327 (e-book: Mobi)
=020  \\$a9781317138334 (e-book: ePub)
=020  \\$a9781472433503 (hardback)
=024  7\$a10.4324/9781315581330 $2doi
=035  \\$a(OCoLC)948604251
=040  \\$aFlBoTFG$cFlBoTFG$erda$beng
=043  \\$ae------
=050  \4$aBF1595$b.E94 2016
=082  04$a133.43094$bE936
=245  00$aEveryday magic in early modern Europe /$cedited by Kathryn A. Edwards.
=264  \1$aLondon ;$aNew York :$bRoutledge,$c©2016.
=300  \\$a1 online resource :$btext file, PDF
=336  \\$atext$2rdacontent
=337  \\$acomputer$2rdamedia
=338  \\$aonline resource$2rdacarrier
=500  \\$aFirst published 2015 by Ashgate Publishing.
=504  \\$aIncludes bibliographical references and index.
=505  0\$a1. Introduction : what makes magic everyday magic? / Kathryn A. Edwards -- 2. Magical lives : daily practices and intellectual discourses in enchanted Catalonia during the early modern era / Doris Moreno Martinez -- 3. Lived Lutheranism and daily magic in seventeenth-century Finland / Raisa Maria Toivo -- 4. The guardian angel : from the natural to the supernatural / Antoine Mazurek -- 5. False sanctity and spiritual imposture in seventeenth-century French convents / Linda Lierheimer -- 6. Magic, dreams, and money / Jared Poley -- 7. The good magicians : treasure hunting in early modern Germany / Johannes Dillinger -- 8. A Christian warning : Bartholomaeus Anhorn, demonology, and divination / Jason Coy -- 9. The "antidemons" of Calvinism : ghosts, demons, and traditional belief in the house of Francois Perrault / Kathryn A. Edwards -- 10. The constitution and conditions of everyday magic in late medieval and early modern Catholic Europe / Sarah Ferber.
=530  \\$aAlso available in print edition.
=538  \\$aMode of access: World Wide Web.
=650  \0$aMagic$zEurope$xHistory.
=650  \0$aOccultism$zEurope$xHistory.
=651  \0$aEurope$xFolklore.
=651  \0$aEurope$xSocial life and customs.
=655  \7$aElectronic books.$2lcsh
=700  1\$aEdwards, Kathryn A.,$d1964-
=776  08$iPrint version: $z9781472433503(Hardback)$w 2015015240
=793  0\$aTaylor & Francis online monographs (UCSD)
=856 40$zTaylor & Francis. Restricted to UCSD IP addresses.$uhttps://www.taylorfrancis.com/books/9781317138341

