=LDR  02787cam a2200553Ii 4500
=001  TF9781315765686
=003  FlBoTFG
=005  20180331111825.0
=006  m\\\\\o\\d\\\\\\\\
=007  cr\\\\\\\\\\\\
=008  180331s2016\\\\enk\\\\\o\\\\\001\0\eng\d
=020  \\$a9781317658184 (e-book: PDF)$q(e-book : PDF)
=020  \\$z9781317658184$q(e-book: PDF)
=020  \\$z9781317658177$q(e-book: ePub)
=020  \\$z9781317658160$q(e-book: Mobi)
=020  \\$z9781138788251$q(hardback)
=020  \\$z9781138788268$q(paperback)
=020  \\$a9781315765686 (e-book)
=020  \\$a9781317658160 (e-book: Mobi)
=020  \\$a9781317658177 (e-book: ePub)
=020  \\$a9781138788251 (hardback)
=020  \\$a9781138788268 (paperback)
=024  7\$a10.4324/9781315765686 $2doi
=035  \\$a(OCoLC)946887589
=040  \\$aFlBoTFG$cFlBoTFG$erda$beng
=041  0\$aeng$ager
=050  \4$aPF3112$b.S294 2016
=082  04$a438.2421$bS324
=100  1\$aSchenke, Heiner.,$eauthor.
=245  10$aBasic German :$ba grammar and workbook /$cHeiner Schenke, Anna Miell and Karen Seago.
=250  \\$aSecond edition.
=264  \1$aLondon ;$aNew York :$bRoutledge,$c©2016.
=300  \\$a1 online resource (viii, 214 pages) :$btext file, PDF
=336  \\$atext$2rdacontent
=337  \\$acomputer$2rdamedia
=338  \\$aonline resource$2rdacarrier
=490  1\$aRoutledge grammar workbooks
=500  \\$aIncludes index.
=505  0\$a1. What's different in German? Basic tips and patterns -- 2. Verbs in the present tense -- 3. Verb variations and irregular verbs -- 4. Irregular verbs: haben and sein -- 5. Separable verbs in the present tense -- 6. Imperatives -- 7. Questions -- 8. Articles -- 9. Nouns and gender -- 10. Plural of nouns -- 11. The four cases -- 12. The nominative case -- 13. The accusative case -- 14. The dative case -- 15. The genitive case -- 16. Personal pronouns -- 17. Possessive adjectives -- 18. Reflexive verbs -- 19. Negatives -- 20. Comparison of adjectives and adverbs -- 21. Modal verbs -- 22. The present perfect tense -- 23. The simple past tense -- 24. The future tense -- 25. Prepositions -- 26. Adjective endings -- 27. Numbers and dates -- 28. Conjunctions and clauses -- 29. Word order.
=530  \\$aAlso available in print format.
=546  \\$aGerman and English.
=650  \0$aGerman language$vTextbooks for foreign speakers$xEnglish.
=650  \0$aGerman language$xGrammar.
=655  \7$aElectronic books.$2lcsh
=700  1\$aMiell, Anna.
=700  1\$aSeago, Karen.
=776  08$iPrint version: $z9781138788251$q(Hardback)$w(DLC) 2015032732
=793  0\$aTaylor & Francis online monographs (UCSD)
=830  \0$aRoutledge grammars.
=856 40$zTaylor & Francis. Restricted to UCSD IP addresses.$uhttps://www.taylorfrancis.com/books/9781317658184

