=LDR  02094cam a2200481Ii 4500
=001  TF9781315657295
=003  FlBoTFG
=005  20180331111825.0
=006  m\\\\\o\\d\\\\\\\\
=007  cr\\\\\\\\\\\\
=008  180331s2017\\\\nyua\\\\ob\\\\001\0\eng\d
=020  \\$a9781317327622 (e-book: PDF)$q(e-book : PDF)
=020  \\$z9781317327622$q(e-book: PDF)
=020  \\$z9781317327615$q(e-book: ePub)
=020  \\$z9781317327608$q(e-book: Mobi)
=020  \\$z9781138100978$q(hardback)
=020  \\$z9781138100985$q(paperback)
=020  \\$a9781315657295 (e-book)
=020  \\$a9781317327608 (e-book: Mobi)
=020  \\$a9781317327615 (e-book: ePub)
=020  \\$a9781138100978 (hardback)
=020  \\$a9781138100985 (paperback)
=024  7\$a10.4324/9781315657295 $2doi
=035  \\$a(OCoLC)953692365
=040  \\$aFlBoTFG$cFlBoTFG$erda$beng
=050  \4$aRJ505.P6$bG73 2017
=082  04$a618.92891653$bG764
=100  1\$aGrant, Robert Jason,$d1971-,$eauthor.
=245  10$aPlay-based interventions for autism spectrum disorder and other developmental disabilities /$cRobert Jason Grant.
=264  \1$aNew York, N.Y. :$bRoutledge,$c©2017.
=300  \\$a1 online resource (xvi, 181 pages) :$billustrations, text file, PDF
=336  \\$atext$2rdacontent
=337  \\$acomputer$2rdamedia
=338  \\$aonline resource$2rdacarrier
=504  \\$aIncludes bibliographical references (p. 175-177) and index.
=505  0\$a1. Treatment considerations -- 2. Implementing directive play-based interventions -- 3. Primary target areas -- 4. Emotional regulation interventions -- 5. Social skills interventions -- 6. Connection interventions.
=530  \\$aAlso available in print format.
=650  \0$aAutism in children$xTreatment.
=650  \0$aAutism spectrum disorders in children$xTreatment.
=650  \0$aPlay therapy.
=655  \7$aElectronic books.$2lcsh
=776  08$iPrint version: $z9781138100978(Hardback)$w 2015048764
=793  0\$aTaylor & Francis online monographs (UCSD)
=856 40$zTaylor & Francis. Restricted to UCSD IP addresses.$uhttps://www.taylorfrancis.com/books/9781317327622

