=LDR  02221cam a2200481Ii 4500
=001  TF9781315649207
=003  FlBoTFG
=005  20180331111825.0
=006  m\\\\\o\\d\\\\\\\\
=007  cr\\\\\\\\\\\\
=008  180331s2016\\\\enk\\\\\ob\\\\001\0\eng\d
=020  \\$a9781317303312 (e-book: PDF)$q(e-book : PDF)
=020  \\$z9781317303312$q(e-book: PDF)
=020  \\$z9781317303305$q(e-book: ePub)
=020  \\$z9781317303299$q(e-book: Mobi)
=020  \\$z9781138122918$q(hardback)
=020  \\$a9781315649207 (e-book)
=020  \\$a9781317303299 (e-book: Mobi)
=020  \\$a9781317303305 (e-book: ePub)
=020  \\$a9781138122918 (hardback)
=024  7\$a10.4324/9781315649207 $2doi
=035  \\$a(OCoLC)933433217
=040  \\$aFlBoTFG$cFlBoTFG$erda$beng
=050  \4$aHB97.3$b.S67 2016
=082  04$a330.1$bS768
=100  1\$aSpread, Patrick,$d1944-,$eauthor.
=245  14$aThe evolution of economies :$bmoney-bargaining, economic change and industrial revolution /$cPatrick Spread.
=264  \1$aLondon ;$aNew York :$bRoutledge,$c©2016.
=300  \\$a1 online resource (xi, 336 pages) :$btext file, PDF
=336  \\$atext$2rdacontent
=337  \\$acomputer$2rdamedia
=338  \\$aonline resource$2rdacarrier
=490  1\$aRoutledge frontiers of political economy ;$v205
=504  \\$aIncludes bibliographical references and index.
=505  0\$a1. Support-bargaining and the evolution of human societies -- 2. Money and money-bargaining -- 3. Macroeconomics and money-bargaining -- 4. Evolutionary economics -- 5. The evolution of money-bargaining -- 6. The state and money-bargaining -- 7. Support-bargaining, credit and confidence -- 8. The evolution of foreign trade -- 9. Information and the evolution of communications.
=530  \\$aAlso available in print format.
=650  \0$aEvolutionary economics.
=650  \0$aInternational trade.
=650  \0$aMutualism.
=655  \7$aElectronic books.$2lcsh
=776  08$iPrint version: $z9781138122918(Hardback)$w 2015030224
=793  0\$aTaylor & Francis online monographs (UCSD)
=830  \0$aRoutledge frontiers of political economy ;$v205.
=856 40$zTaylor & Francis. Restricted to UCSD IP addresses.$uhttps://www.taylorfrancis.com/books/9781317303312

