=LDR  02302cam a2200493Ii 4500
=001  TF9781315764290
=003  FlBoTFG
=005  20180331111825.0
=006  m\\\\\o\\d\\\\\\\\
=007  cr\\\\\\\\\\\\
=008  180331s2016\\\\enka\\\\ob\\\\001\0\eng\d
=020  \\$a9781317653851 (e-book: PDF)$q(e-book : PDF)
=020  \\$z9781317653851$q(e-book: PDF)
=020  \\$z9781317653844$q(e-book: ePub)
=020  \\$z9781317653837$q(e-book: Mobi)
=020  \\$z9781138790209$q(hardback)
=020  \\$z9781138499744$q(paperback)
=020  \\$a9781315764290 (e-book)
=020  \\$a9781317653837 (e-book: Mobi)
=020  \\$a9781317653844 (e-book: ePub)
=020  \\$a9781138790209 (hardback)
=020  \\$a9781138499744 (paperback)
=024  7\$a10.4324/9781315764290 $2doi
=035  \\$a(OCoLC)958098602
=040  \\$aFlBoTFG$cFlBoTFG$erda$beng
=050  \4$aHB74.P8$bM36 2016
=082  04$a330.019$bM252
=100  1\$aMallard, Graham,$d1982-,$eauthor.
=245  10$aBounded rationality and behavioural economics /$cGraham Mallard.
=264  \1$aLondon ;$aNew York :$bRoutledge,$c©2016.
=300  \\$a1 online resource (viii, 132 pages) :$billustrations, text file, PDF
=336  \\$atext$2rdacontent
=337  \\$acomputer$2rdamedia
=338  \\$aonline resource$2rdacarrier
=490  1\$aRoutledge advances in behavioural economics and finance ;$v2
=504  \\$aIncludes bibliographical references and index.
=505  0\$a1. Behavioural economics and bounded rationality -- 2. Recent developments in the behavioural economics literature : a survey -- 3. Recent developments in the bounded rationality literature : a survey -- 4. Audiences and impact -- 5. Commonality and differentiation : examined and evaluated -- 6. Towards an abstract behavioural framework -- 7. Concluding thoughts.
=530  \\$aAlso available in print format.
=650  \0$aEconomics$xPsychological aspects.
=650  \0$aRational expectations (Economic theory)
=655  \7$aElectronic books.$2lcsh
=776  08$iPrint version: $z9781138790209$q(Hardback)$w(DLC) 2015009809
=793  0\$aTaylor & Francis online monographs (UCSD)
=830  \0$aRoutledge advances in behavioural economics and finance ;$v2.
=856 40$zTaylor & Francis. Restricted to UCSD IP addresses.$uhttps://www.taylorfrancis.com/books/9781317653851

