=LDR  02338cam a2200469Ii 4500
=001  TF9780203958445
=003  FlBoTFG
=005  20180331102445.0
=006  m\\\\\o\\d\\\\\\\\
=007  cr\\\\\\\\\\\\
=008  130331r20152005enkab\\\ob\\\\001\0\eng\d
=010  \\$a 2004018040
=020  \\$a9780203958445 (e-book : PDF)
=020  \\$a9780415648424 (paperback)
=020  \\$a9780415972109 (hardback)
=020  \\$a9781135469405 (e-book: PDF)
=020  \\$a9781135469474 (e-book: ePub)
=020  \\$a9781135469542 (e-book: Mobi)
=024  7\$a10.4324/9780203958445 $2doi
=035  \\$a(OCoLC)958103759
=040  \\$aFlBoTFG$cFlBoTFG$erda
=090  \\$aDT515.45.I33$bC48 2015
=092  \\$a966.900496332$bC559
=100  1\$aChuku, Gloria.,$eauthor.
=245  10$aIgbo women and economic transformation in Southeastern Nigeria, 1900-1960 /$cGloria Chuku.
=264  \1$aAbingdon, Oxon :$bRoutledge,$c2015.
=300  \\$a1 online resource (xiii, 320 pages) :$billustrations, text file, PDF
=336  \\$atext$2rdacontent
=337  \\$acomputer$2rdamedia
=338  \\$aonline resource$2rdacarrier
=490  1\$aAfrican studies
=500  \\$aFirst published in Great Britain 2005 by Routledge.
=504  \\$aIncludes bibliographical references and index.
=505  0\$ach. 1. The Igbo region before 1900 : a survey -- ch. 2. Women in the economy before 1900 -- ch. 3. "We hold our families' bowls" : colonialism, women, agriculture and food processing -- ch. 4. Double endowments or double-edged sword? Women, crafts and local industries -- ch. 5. Trade and new economic order -- ch. 6. "If not for trade who would have given us wealth?" : the women traders -- ch. 7. The untouchable vultures : women in resistance movements -- ch. 8. Conclusion : Igbo women's economic role in historical and comparative perspective.
=506  \\$aLicense restrictions may limit access.
=506  \\$aSubscription required for access to full text.
=530  \\$aAlso available in print format.
=650  \0$aWomen, Igbo$xEconomic conditions.
=655  \7$aElectronic books.$2lcsh
=776  08$iPrint version: $z9780415972109$q(Hardback)
=793  0\$aTaylor & Francis online monographs (UCSD)
=830  \0$aAfrican studies (Routledge (Firm))
=856 40$zTaylor & Francis. Restricted to UCSD IP addresses.$uhttps://www.taylorfrancis.com/books/9781135469405

