=LDR  02408cam a2200529Ii 4500
=001  TF9781315564845
=003  FlBoTFG
=005  20180331102445.0
=006  m\\\\\o\\d\\\\\\\\
=007  cr\\\\\\\\\\\\
=008  180331r20162015enk\\\\\ob\\\\001\0\eng\d
=020  \\$a9781317187813 (e-book: PDF)$q(e-book : PDF)
=020  \\$z9781317187813$q(e-book: PDF)
=020  \\$z9781317187806$q(e-book: ePub)
=020  \\$z9781317187790$q(e-book: Mobi)
=020  \\$z9781472410610$q(hardback)
=020  \\$z9781138094444$q(paperback)
=020  \\$a9781315564845 (e-book)
=020  \\$a9781317187790 (e-book: Mobi)
=020  \\$a9781317187806 (e-book: ePub)
=020  \\$a9781472410610 (hardback)
=020  \\$a9781138094444 (paperback)
=024  7\$a10.4324/9781315564845 $2doi
=035  \\$a(OCoLC)948604045
=040  \\$aFlBoTFG$cFlBoTFG$erda$beng
=050  \4$aK3240$b.L43 2016
=082  04$a346.0486$bL478
=100  1\$aLee, Joo-Young$c(law teacher),$eauthor.
=245  12$aA human rights framework for intellectual property, innovation and access to medicines /$cJoo-Young Lee.
=264  \1$aLondon ;$aNew York :$bRoutledge,$c©2016.
=300  \\$a1 online resource :$btext file, PDF
=336  \\$atext$2rdacontent
=337  \\$acomputer$2rdamedia
=338  \\$aonline resource$2rdacarrier
=500  \\$a"First published 2015 by Ashgate Publishing"--t.p. verso.
=504  \\$aIncludes bibliographical references and index.
=505  1\$a1. Historical overview of patents -- 2. Perspectives on patents -- 3. Public Health safeguards in the TRIPS agreement -- 4. Human right to access to medicines -- 5. The right to science and culture -- 6. Relationship between TRIPS and internatioanl human rights law in the context of access to medicines -- 7. Human rights, intellectual property, innovation and access to medicines.
=530  \\$aAlso available in print edition.
=538  \\$aMode of access: World Wide Web.
=650  \0$aHealth services accessibility$xLaw and legislation.
=650  \0$aHuman rights.
=650  \0$aIntellectual property.
=650  \0$aMedical care$xLaw and legislation.
=650  \0$aRight to health.
=655  \7$aElectronic books.$2lcsh
=776  08$iPrint version: $z9781472410610(Hardback)$w 2014046282
=793  0\$aTaylor & Francis online monographs (UCSD)
=856 40$zTaylor & Francis. Restricted to UCSD IP addresses.$uhttps://www.taylorfrancis.com/books/9781317187813

