=LDR  02106cam a2200517Ii 4500
=001  TF9781315609683
=003  FlBoTFG
=005  20180331102445.0
=006  m\\\\\o\\d\\\\\\\\
=007  cr\\\\\\\\\\\\
=008  180331s2016\\\\enk\\\\\ob\\\\001\0\eng\d
=020  \\$a9781317053293 (e-book: PDF)$q(e-book : PDF)
=020  \\$z9781317053293$q(e-book: PDF)
=020  \\$z9781317053286$q(e-book: ePub)
=020  \\$z9781317053279$q(e-book: Mobi)
=020  \\$z9781472433718$q(hardback)
=020  \\$a9781315609683 (e-book)
=020  \\$a9781317053279 (e-book: Mobi)
=020  \\$a9781317053286 (e-book: ePub)
=020  \\$a9781472433718 (hardback)
=024  7\$a10.4324/9781315609683 $2doi
=035  \\$a(OCoLC)951068354
=040  \\$aFlBoTFG$cFlBoTFG$erda$beng
=043  \\$ae-uk---
=050  \4$aHV245$b.R5164 2016
=082  04$a362.72530941$bR735
=100  1\$aRogowski, Steve.,$eauthor.
=245  10$aSocial work with children and families :$breflections of a critical practitioner /$cSteve Rogowski.
=264  \1$aLondon ;$aNew York :$bRoutledge,$c©2016.
=300  \\$a1 online resource :$btext file, PDF
=336  \\$atext$2rdacontent
=337  \\$acomputer$2rdamedia
=338  \\$aonline resource$2rdacarrier
=504  \\$aIncludes bibliographical references (p. [165]-181) and index.
=505  0\$apt. 1. Setting the scene -- pt. 2. The high points of social work -- pt. 3. The low points of social work -- pt. 4. Ways forward.
=530  \\$aAlso available in print format.
=538  \\$aMode of access: World Wide Web.
=650  \0$aChildren$xServices for$zGreat Britain.
=650  \0$aFamily services$zGreat Britain.
=650  \0$aFamily social work$zGreat Britain.
=650  \0$aSocial service$zGreat Britain.
=650  \0$aSocial work with children$zGreat Britain.
=651  \0$aGreat Britain$xSocial policy.
=655  \7$aElectronic books.$2lcsh
=776  08$iPrint version: $z9781472433718(Hardback)$w 2015038677
=793  0\$aTaylor & Francis online monographs (UCSD)
=856 40$zTaylor & Francis. Restricted to UCSD IP addresses.$uhttps://www.taylorfrancis.com/books/9781317053293

