=LDR  03691cam a2200529Ii 4500
=001  TF9781315679914
=003  FlBoTFG
=005  20180331111825.0
=006  m\\\\\o\\d\\\\\\\\
=007  cr\\\\\\\\\\\\
=008  180331s2016\\\\enkae\\\ob\\\\001\0\eng\d
=020  \\$a9781317395614 (e-book: PDF)$q(e-book : PDF)
=020  \\$z9781317395614$q(e-book: PDF)
=020  \\$z9781317395607$q(e-book: ePub)
=020  \\$z9781317395591$q(e-book: Mobi)
=020  \\$z9781138931145$q(hardback)
=020  \\$z9781138596368$q(paperback)
=020  \\$a9781315679914 (e-book)
=020  \\$a9781317395591 (e-book: Mobi)
=020  \\$a9781317395607 (e-book: ePub)
=020  \\$a9781138931145 (hardback)
=020  \\$a9781138596368 (paperback)
=024  7\$a10.4324/9781315679914 $2doi
=035  \\$a(OCoLC)958106146
=040  \\$aFlBoTFG$cFlBoTFG$erda$beng
=043  \\$ae-uk---
=050  \4$aHV5446$b.D75 2016
=082  04$a394.130941$bD781
=245  00$aDrinking dilemmas :$bspace, culture and identity /$cedited by Thomas Thurnell-Read.
=264  \1$aMilton Park, Abingdon, Oxon ;$aNew York :$bRoutledge,$c©2016.
=300  \\$a1 online resource (xv, 220 pages) :$billustrations, text file, PDF
=336  \\$atext$2rdacontent
=337  \\$acomputer$2rdamedia
=338  \\$aonline resource$2rdacarrier
=490  0\$aSociological futures
=504  \\$aIncludes bibliographical references and index.
=505  0\$a1. An introduction to drinking dilemmas : space, culture and identity / Thomas Thurnell-Read -- 2. Revisiting urban nightscapes : an academic and personal journey through 20 years of nightlife research / Robert Hollands -- 3. The symbolic value of alcohol : the importance of alcohol consumption, drinking practices and drinking spaces in classed and gendered identity construction / Kimberley Ross-Houle, Amanda Atkinson and Harry Sumnall -- 4. Beer and belonging : real ale consumption, place and identity / Thomas Thurnell-Read -- 5. Illegal drinking venues in a South African township : sites of struggle in the informal city / Andrew Charman -- 6. 'Eat, drink and be merry, for tomorrow we die' : alcohol practices in Mar Mikhael, Beirut / Marie Bonte -- 7. 'A force to be reckoned with' : the role and influence of alcohol in Leeds' extreme metal scene / Gabby Riches -- 8. 'Never, ever go down the Bigg Market' : classed and spatialised processes of othering on the 'girls' night out' / Emily Nicholls -- 9. Young people's alcohol-related urban im/mobilities / Samantha Wilkinson -- 10. Parenting style and gender effects on alcohol consumption among university students in France / Ludovic Gaussot, Loic le Minor and Nicolas Palierne -- 11. Growing up, going out : cultural and aesthetic attachment to the night-time economy / Oliver Smith -- 12. 'There are limits on what you can do' : biographical reconstruction by those bereaved by alcohol-related deaths / Christine Valentine, Lorna Templeton and Richard Velleman -- 13. Drinking dilemmas : making a difference? / Mark Jayne and Gill Valentine.
=530  \\$aAlso available in print format.
=650  \0$aAlcoholic beverages$xSocial aspects$zGreat Britain.
=650  \0$aDrinking customs$zGreat Britain.
=650  \0$aDrinking of alcoholic beverages$xSocial aspects$zGreat Britain.
=650  \0$aDrinking of alcoholic beverages$zGreat Britain.
=651  \0$aGreat Britain$xSocial life and customs.
=655  \7$aElectronic books.$2lcsh
=700  1\$aThurnell-Read, Thomas,$d1982-
=776  08$iPrint version: $z9781138931145(Hardback)$w 2015025836
=793  0\$aTaylor & Francis online monographs (UCSD)
=856 40$zTaylor & Francis. Restricted to UCSD IP addresses.$uhttps://www.taylorfrancis.com/books/9781317395614

