=LDR  02610cam a2200565Ii 4500
=001  TF9781315724843
=003  FlBoTFG
=005  20180331111825.0
=006  m\\\\\o\\d\\\\\\\\
=007  cr\\\\\\\\\\\\
=008  180331s2016\\\\nyua\\\\ob\\\\001\0\eng\d
=020  \\$a9781317532170 (e-book: PDF)$q(e-book : PDF)
=020  \\$z9781317532170$q(e-book: PDF)
=020  \\$z9781317532163$q(e-book: ePub)
=020  \\$z9781317532156$q(e-book: Mobi)
=020  \\$z9781138850231$q(hardback)
=020  \\$z9781138547704$q(paperback)
=020  \\$a9781315724843 (e-book)
=020  \\$a9781317532156 (e-book: Mobi)
=020  \\$a9781317532163 (e-book: ePub)
=020  \\$a9781138850231 (hardback)
=020  \\$a9781138547704 (paperback)
=024  7\$a10.4324/9781315724843 $2doi
=035  \\$a(OCoLC)958109638
=040  \\$aFlBoTFG$cFlBoTFG$erda$beng
=043  \\$ae-uk---$an-us---
=050  \4$aPR830.F3$bY68 2016
=082  04$a823.0876609$bY726
=100  1\$aYoung, Helen Victoria.,$eauthor.
=245  10$aRace and popular fantasy literature :$bhabits of whiteness /$cHelen Young.
=264  \1$aNew York :$bRoutledge,$c©2016.
=300  \\$a1 online resource (224 pages) :$billustrations, text file, PDF
=336  \\$atext$2rdacontent
=337  \\$acomputer$2rdamedia
=338  \\$aonline resource$2rdacarrier
=490  1\$aRoutledge interdisciplinary perspectives on literature ;$v51
=504  \\$aIncludes bibliographical references and index.
=505  0\$a1. Founding fantasy : J.R.R. Tolkien and Robert E. Howard -- 2. Forming habits : derivation, imitation, and adaptation -- 3. The real middle ages : gritty fantasy -- 4. Orcs and otherness : monsters on page and screen -- 5. Popular culture postcolonialism -- 6. Relocating roots : urban fantasy -- 7. Breaking habits and digital communication.
=530  \\$aAlso available in print format.
=650  \0$aFantasy fiction$xHistory and criticism.
=650  \0$aFantasy fiction, American$xHistory and criticism.
=650  \0$aFantasy fiction, English$xHistory and criticism.
=650  \0$aPopular culture and literature$zGreat Britain$xHistory.
=650  \0$aPopular culture and literature$zUnited States$xHistory.
=650  \0$aRace in literature.
=650  \0$aWhites in literature.
=655  \7$aElectronic books.$2lcsh
=776  08$iPrint version: $z9781138850231$q(Hardback)$w(DLC) 2015011573
=793  0\$aTaylor & Francis online monographs (UCSD)
=830  \0$aRoutledge interdisciplinary perspectives on literature ;$v51.
=856 40$zTaylor & Francis. Restricted to UCSD IP addresses.$uhttps://www.taylorfrancis.com/books/9781317532170

