=LDR  03073cam a2200553Ii 4500
=001  TF9781315714509
=003  FlBoTFG
=005  20180331111825.0
=006  m\\\\\o\\d\\\\\\\\
=007  cr\\\\\\\\\\\\
=008  180331s2016\\\\enkad\\\ob\\\\001\0\eng\d
=020  \\$a9781317501206 (e-book: PDF)$q(e-book : PDF)
=020  \\$z9781317501206$q(e-book: PDF)
=020  \\$z9781317501190$q(e-book: ePub)
=020  \\$z9781317501183$q(e-book: Mobi)
=020  \\$z9781138886889$q(hardback)
=020  \\$z9781138476837$q(paperback)
=020  \\$a9781315714509 (e-book)
=020  \\$a9781317501183 (e-book: Mobi)
=020  \\$a9781317501190 (e-book: ePub)
=020  \\$a9781138886889 (hardback)
=020  \\$a9781138476837 (paperback)
=024  7\$a10.4324/9781315714509 $2doi
=035  \\$a(OCoLC)958109442
=040  \\$aFlBoTFG$cFlBoTFG$erda$beng
=043  \\$aa-cc---
=050  \4$aHX418.5$b.C474 2016
=082  04$a320.951$bC539
=245  00$aChina's transition from communism :$bnew perspectives /$cedited by Guoguang Wu and Helen Lansdowne.
=264  \1$aLondon ;$aNew York :$bRoutledge,$c©2016.
=300  \\$a1 online resource (viii, 216 pages) :$billustrations, text file, PDF
=336  \\$atext$2rdacontent
=337  \\$acomputer$2rdamedia
=338  \\$aonline resource$2rdacarrier
=490  1\$aChina policy series ;$v41
=504  \\$aIncludes bibliographical references and index.
=505  0\$a1. Introduction / Hele Lansdowne -- 2. Capitalism making and its political consequences in transition : a political-economy analysis of China's communist capitalism / Xiaonong Cheng -- 3. Communist oligarchy and the oligarchic transition in China / Ming Xia -- 4. A tale of two party-states : comparing authoritarianism across the Taiwan Strait / Szu-chien Hsu -- 5. Government counterframing and the revolutionary no-show in 1989 / Yang Su and Ting Jiang -- 6. The current debate on constitutionalism and the liberal force within the Chinese communist party / Feng Chongyi -- 7. Engaging the government's critics on weibo : China's "authoritarian resilience" in the age of the internet / Yiyi Lu -- 8. A rising China in global governance : transition from a rule taker to a rule breaker and rule maker? / Hongying Wang -- 9. Constructing a racialized identity in post-Mao China / Yinghong Cheng -- 10. Conclusion : "repressive capitalism" as the institutional crystallization of China's transition / Guoguang Wu.
=530  \\$aAlso available in print format.
=650  \0$aCapitalism$zChina.
=650  \0$aCommunism$zChina.
=650  \0$aDemocratization$zChina.
=651  \0$aChina$xEconomic policy$y2000-
=651  \0$aChina$xPolitics and government$y21st century.
=655  \7$aElectronic books.$2lcsh
=700  1\$aLansdowne, Helen,$d1958-
=700  1\$aWu, Guoguang.
=776  08$iPrint version: $z9781138886889$q(Hardback)$w(DLC) 2015015704
=793  0\$aTaylor & Francis online monographs (UCSD)
=830  \0$aChina policy series ;$v41.
=856 40$zTaylor & Francis. Restricted to UCSD IP addresses.$uhttps://www.taylorfrancis.com/books/9781317501206

