=LDR  01865cam a2200469Ii 4500
=001  TF9781315624822
=003  FlBoTFG
=005  20180331111825.0
=006  m\\\\\o\\d\\\\\\\\
=007  cr\\\\\\\\\\\\
=008  180331s2017\\\\nyuad\\\ob\\\\001\0\eng\d
=020  \\$a9781317230144 (e-book: PDF)$q(e-book : PDF)
=020  \\$z9781317230144$q(e-book: PDF)
=020  \\$z9781317230120$q(e-book: Mobi)
=020  \\$z9781138651418$q(hardback)
=020  \\$a9781315624822 (e-book)
=020  \\$a9781317230120 (e-book: Mobi)
=020  \\$a9781138651418 (hardback)
=024  7\$a10.4324/9781315624822 $2doi
=035  \\$a(OCoLC)967736619
=040  \\$aFlBoTFG$cFlBoTFG$erda$beng
=050  \4$aHM742$b.S63 2017
=082  04$a302.231$bS678
=245  00$aSocial media discourse, (dis)identifications and diversities /$cedited by Sirpa Leppanen, Elina Westinen and Samu Kytola.
=264  \1$aNew York :$bRoutledge,$c©2017.
=300  \\$a1 online resource (ix, 370 pages) :$billustrations, text file, PDF
=336  \\$atext$2rdacontent
=337  \\$acomputer$2rdamedia
=338  \\$aonline resource$2rdacarrier
=490  1\$aRoutledge studies in sociolinguistics ;$v13
=504  \\$aIncludes bibliographical references and index.
=505  0\$apt. 1. Identifications and disidentifications with others -- pt. 2. Identifications of the self.
=530  \\$aAlso available in print format.
=650  \0$aComputer literacy.
=650  \0$aSocial media.
=655  \7$aElectronic books.$2lcsh
=700  1\$aKytola, Samu.
=700  1\$aLeppanen, Sirpa.
=700  1\$aWestinen, Elina.
=776  08$iPrint version: $z9781138651418(Hardback)$w 2016043193
=793  0\$aTaylor & Francis online monographs (UCSD)
=830  \0$aRoutledge studies in sociolinguistics ;$v13.
=856 40$zTaylor & Francis. Restricted to UCSD IP addresses.$uhttps://www.taylorfrancis.com/books/9781317230144

