=LDR  02452cam a2200553Ii 4500
=001  TF9781315428055
=003  FlBoTFG
=005  20180330125217.0
=006  m\\\\\o\\d\\\\\\\\
=007  cr\\\\\\\\\\\\
=008  180331r20162015enka\\\\ob\\\\001\0\eng\d
=020  \\$a9781315428048 (e-book: PDF)$q(e-book : PDF)
=020  \\$z9781315428048$q(e-book: PDF)
=020  \\$z9781315428031$q(e-book: ePub)
=020  \\$z9781315428024$q(e-book: Mobi)
=020  \\$z9781611329230$q(hardback)
=020  \\$z9781611329247$q(paperback)
=020  \\$a9781315428055 (e-book)
=020  \\$a9781315428024 (e-book: Mobi)
=020  \\$a9781315428031 (e-book: ePub)
=020  \\$a9781611329230 (hardback)
=020  \\$a9781611329247 (paperback)
=024  7\$a10.4324/9781315428055 $2doi
=035  \\$a(OCoLC)956466680
=040  \\$aFlBoTFG$cFlBoTFG$erda$beng
=050  \4$aRA418$b.G56 2016
=082  04$a306.461$bG562
=130  0\$aGlobal mental health (Kohrt)
=245  10$aGlobal mental health :$banthropological perspectives /$cedited by Brandon Kohrt and Emily Mendenhall.
=264  \1$aLondon :$bRoutledge,$c©2016.
=300  \\$a1 online resource (389 pages) :$billustrations, text file, PDF
=336  \\$atext$btxt$2rdacontent
=337  \\$acomputer$bc$2rdamedia
=338  \\$aonline resource$bcr$2rdacarrier
=490  1\$aAnthropology and global public health ;$v2
=500  \\$aFirst published 2015 by Left Coast Press, Inc.
=504  \\$aIncludes bibliographical references and index.
=505  0\$apt. I. Social and structural origins of mental illness in global context / by Brandon A. Kohrt and Emily Mendenhall -- pt. II. Treatment approaches and access to care in low- and high-resource settings / by Brandon A. Kohrt, Emily Mendenhall, and Peter J. Brown -- pt. III. Task-sharing and alternative care models / by Brandon A. Kohrt and Emily Mendenhall.
=530  \\$aAlso available in print format.
=650  \0$aMedical anthropology.
=650  \0$aMental health services.
=650  \0$aSocial medicine.
=650  \0$aWorld health.
=655  \7$aElectronic books.$2lcsh
=700  1\$aKohrt, Brandon.
=700  1\$aMendenhall, Emily,$d1982-
=776  08$iPrint version: $z9781611329230(Hardback)$w 2014041403
=793  0\$aTaylor & Francis online monographs (UCSD)
=830  \0$aAnthropology and global public health ;$vv. 2.
=856 40$zTaylor & Francis. Restricted to UCSD IP addresses.$uhttps://www.taylorfrancis.com/books/9781315428048

