=LDR  03054cam a2200529Ii 4500
=001  TF9781315580203
=003  FlBoTFG
=005  20180331102445.0
=006  m\\\\\o\\d\\\\\\\\
=007  cr\\\\\\\\\\\\
=008  180331r20162015enkag\\\ob\\\\001\0\eng\d
=020  \\$a9781317141730 (e-book: PDF)$q(e-book : PDF)
=020  \\$z9781317141730$q(e-book: PDF)
=020  \\$z9781317141723$q(e-book: ePub)
=020  \\$z9781317141716$q(e-book: Mobi)
=020  \\$z9781472443335$q(hardback)
=020  \\$z9780815365594$q(paperback)
=020  \\$a9781315580203 (e-book)
=020  \\$a9781317141716 (e-book: Mobi)
=020  \\$a9781317141723 (e-book: ePub)
=020  \\$a9781472443335 (hardback)
=020  \\$a9780815365594 (paperback)
=024  7\$a10.4324/9781315580203 $2doi
=035  \\$a(OCoLC)948604195
=040  \\$aFlBoTFG$cFlBoTFG$erda$beng
=050  \4$aML1603$b.E76 2016
=082  04$a780.9032$bE719
=245  00$aEroticism in early modern music /$cedited by Bonnie J. Blackburn and Laurie Stras.
=264  \1$aLondon ;$aNew York :$bRoutledge,$c©2016.
=300  \\$a1 online resource (x, 154  pages) :$billustrations, text file, PDF
=336  \\$atext$2rdacontent
=337  \\$acomputer$2rdamedia
=338  \\$aonline resource$2rdacarrier
=500  \\$a"An Ashgate book"--Cover.
=500  \\$aFirst published 2015 by Ashgate Publishing.
=504  \\$aIncludes bibliographical references and index.
=505  0\$a1. The lascivious career of B-flat / Bonnie J. Blackburn -- 2. Fa mi la mi so la : the erotic implications of solmization syllables / Leofranc Holford-Strevens -- 3. Unmasking salacious subtexts in Lasso's Neapolitan songs / Donna G. Cardamone -- 4. Imitating the rustic and revealing the noble : masculine power and music at the court of Ferrara / Melanie L. Marshall -- 5. "The ways" (I modi) of black-note erotica / Vanessa Blais-Tremblay -- 6. "Non e si denso velo" : hidden and forbidden practice in Wert's Ottavo libro de madrigali a cinque voci (Venice : Gardano, 1586) / Laurie Stras -- 7. "Lo here I burn" : musical figurations and fantasies of male desire in early modern England / Linda Phyllis Austern -- 8. Ovid's ironic gaze : voyeurism, rape, and male desire in Cavalli's La Calisto / Wendy Heller -- 9. Precious eroticism and hidden morality : salon culture and the mid-seventeenth-century French air / Catherine Gordon-Seifert -- 10. Eroticized mourning in Henry Purcell's Elegy for Mary II, o dive custos / Alan Howard.
=530  \\$aAlso available in print edition.
=538  \\$aMode of access: World Wide Web.
=650  \0$aSex in music.
=650  \0$aVocal music$y16th century$xHistory and criticism.
=650  \0$aVocal music$y17th century$xHistory and criticism.
=655  \7$aElectronic books.$2lcsh
=700  1\$aBlackburn, Bonnie J.
=700  1\$aStras, Laurie.
=776  08$iPrint version: $z9781472443335(Hardback)$w 2014035202
=793  0\$aTaylor & Francis online monographs (UCSD)
=856 40$zTaylor & Francis. Restricted to UCSD IP addresses.$uhttps://www.taylorfrancis.com/books/9781317141730

