=LDR  03612cam a2200481Ii 4500
=001  TF9781315260327
=003  FlBoTFG
=005  20180330125217.0
=006  m\\\\\o\\d\\\\\\\\
=007  cr\\\\\\\\\\\\
=008  180331r20161997enk\\\\\ob\\\\001\0\eng\d
=020  \\$a9781351951715 (e-book: PDF)$q(e-book : PDF)
=020  \\$z9781351951715$q(e-book: PDF)
=020  \\$z9781351951692$q(e-book: Mobi)
=020  \\$z9780860785194$q(hardback)
=020  \\$a9781315260327 (e-book)
=020  \\$a9781351951692 (e-book: Mobi)
=020  \\$a9780860785194 (hardback)
=024  7\$a10.4324/9781315260327 $2doi
=035  \\$a(OCoLC)965542789
=040  \\$aFlBoTFG$cFlBoTFG$erda$beng
=050  \4$aBV2120$b.C47 2016
=082  04$a266.00905$bC555
=245  00$aChristianity and missions, 1450-1800 /$cedited by J.S. Cummins.
=264  \1$aAbingdon, Oxon :$bRoutledge,$c©2016.
=300  \\$a1 online resource (xv, 381 pages) :$btext file, PDF
=336  \\$atext$btxt$2rdacontent
=337  \\$acomputer$bc$2rdamedia
=338  \\$aonline resource$bcr$2rdacarrier
=490  1\$aExpanding world ;$vv. 28
=500  \\$aFirst published 1997 by Ashgate Publishing.
=504  \\$aIncludes bibliographical references and index.
=505  0\$a1. Aux origines de la 'Congrâegation' indienne de l'Ordre des Frâeres prâecheurs (1546-1580) / Charles-Martial de Witte -- 2. Antonio Possevino's plan for world evangelization / John Patrick Donnelly -- 3. The sacred congregation de propaganda fide : its foundation and historical antecedents -- 4. 'Maximum Illud' : on the propagation of the faith throughout the world (Apostolic letter, November 20th 1919) / Benedict XV -- 5. Prophet and apostle : Bartolomâe de las Casas and the spiritual conquest of America / David Brading -- 6. Pre-baptismal instruction and the administration of baptism in the Philippines during the sixteenth century / John Leddy Phelan -- 7. A note on Portuguese missionary methods in the East : sixteenth to eighteenth centuries / C.R. Boxer -- 8. The problem of the native clergy in the Portuguese and Spanish empires from the sixteenth to the eighteenth centuries / C.R. Boxer -- 9. The GuaranâeÆ ̄ missions and the segregation policy of the Spanish crown / Magnus Mâarner -- 10. Sinological torque : the influence of cultural preoccupations on seventeenth-century missionary interpretations of Confucianism / David E. Mungello -- 11. The development of an African Catholic Church in the kingdom of Kongo, 1491-1750 / John Thornton -- 12. European impact on the California Indians, 1530-1830 / Harry Kelsey -- 13. From Tupa to the land without evil : the Christianization of Tupi-Guarani cosmology / Judith Shapiro -- 14. The missionary attitude of the philosopher G.W. von Leibniz / Francis R. Merkel -- 15. The earliest Protestant missionary venture in Latin America / G. Baez-Camargo -- 16. Pietist and Puritan sources of early Protestant world missions (Cotton Mather and A.H. Francke) / Ernst Benz -- 17. Were Indian conversions bona fide? / James Axtell.
=530  \\$aAlso available in print format.
=650  \0$aMissions$xHistory$y16th century.
=650  \0$aMissions$xHistory$y17th century.
=650  \0$aMissions$xHistory$y18th century.
=650  \0$aMissions$xHistory$yMiddle Ages, 600-1500.
=655  \7$aElectronic books.$2lcsh
=700  1\$aCummins, J. S.
=776  08$iPrint version: $z9780860785194(Hardback)$w   96040399 
=793  0\$aTaylor & Francis online monographs (UCSD)
=830  \0$aExpanding world ;$vv. 28.
=856 40$zTaylor & Francis. Restricted to UCSD IP addresses.$uhttps://www.taylorfrancis.com/books/9781351951715

