=LDR  02357cam a2200493Ii 4500
=001  TF9781135094317
=003  FlBoTFG
=005  20180331111825.0
=006  m\\\\\o\\d\\\\\\\\
=007  cr\\\\\\\\\\\\
=008  180331s2016\\\\enkac\\\ob\\\\001\0\eng\d
=020  \\$a9781135094317$q(e-book: PDF)
=020  \\$z9780203071151$q(e-book : PDF)
=020  \\$z9781849712705$q(hardback)
=020  \\$z9781849712712$q(paperback)
=020  \\$z9781135094300$q(e-book: ePub)
=020  \\$z9781135094263$q(e-book: Mobi)
=020  \\$a9780203071151 (e-book)
=020  \\$a9781135094263 (e-book: Mobi)
=020  \\$a9781135094300 (e-book: ePub)
=020  \\$a9781849712705 (hardback)
=020  \\$a9781849712712 (paperback)
=024  7\$a10.4324/9780203071151 $2doi
=035  \\$a(OCoLC)948511784
=040  \\$aFlBoTFG$cFlBoTFG$erda$beng
=050  \4$aS627.C58$bR44 2016
=082  04$a333.7$bR325
=100  1\$aReed, Mark S.,$eauthor.
=245  10$aLand degradation, desertification and climate change :$banticipating, assessing and adapting to future change /$cMark S. Reed and Lindsay C. Stringer.
=264  \1$aLondon ;$aNew York :$bRoutledge,$c©2016.
=300  \\$a1 online resource (xiv, 184 pages) :$billustrations, text file, PDF
=336  \\$atext$2rdacontent
=337  \\$acomputer$2rdamedia
=338  \\$aonline resource$2rdacarrier
=504  \\$aIncludes bibliographical references and index.
=505  0\$a1. Introduction -- 2. Policy context -- 3. Conceptual and methodological frameworks -- 4. Exposure and sensitivity of provisioning ecosystem services -- 5. Exposure and sensitivity of other ecosystem services and feedbacks between climate change and land degradation -- 6. Responses -- 7. Monitoring and evaluating current and future effects of climate change and land degradation -- 8. Monitoring and evaluating response options -- 9. Involving stakeholders -- 10. Conclusion.
=530  \\$aAlso available in print format.
=650  \0$aClimatic changes.
=650  \0$aDesertification.
=650  \0$aLand degradation.
=655  \7$aElectronic books.$2lcsh
=700  1\$aStringer, Lindsay C.,$d1979-
=776  08$iPrint version: $z9781849712705(Hardback)$w(DLC) 2015042076
=793  0\$aTaylor & Francis online monographs (UCSD)
=856 40$zTaylor & Francis. Restricted to UCSD IP addresses.$uhttps://www.taylorfrancis.com/books/9781135094317

