=LDR  03984cam a2200601Ii 4500
=001  TF9781315594729
=003  FlBoTFG
=005  20180331102445.0
=006  m\\\\\o\\d\\\\\\\\
=007  cr\\\\\\\\\\\\
=008  180331r20162015enka\\\\ob\\\\001\0deng\d
=020  \\$a9781317098171 (e-book: PDF)$q(e-book : PDF)
=020  \\$z9781317098171$q(e-book: PDF)
=020  \\$z9781317098164$q(e-book: ePub)
=020  \\$z9781317098157$q(e-book: Mobi)
=020  \\$z9781472431233$q(hardback)
=020  \\$a9781315594729 (e-book)
=020  \\$a9781317098157 (e-book: Mobi)
=020  \\$a9781317098164 (e-book: ePub)
=020  \\$a9781472431233 (hardback)
=024  7\$a10.4324/9781315594729 $2doi
=035  \\$a(OCoLC)948602971
=040  \\$aFlBoTFG$cFlBoTFG$erda$beng
=043  \\$aa-ii---$ae-po---$aa------
=050  \4$aRS178.O63$bM43 2016
=082  04$a615.880954$bM489
=245  00$aMedicine, trade and empire :$bGarcia de Orta's Colloquies on the simples and drugs of India (1563) in context /$cedited by Palmira Fontes da Costa.
=264  \1$aLondon ;$aNew York :$bRoutledge,$c©2016.
=300  \\$a1 online resource (x, 188  pages) :$billustrations, text file, PDF
=336  \\$atext$2rdacontent
=337  \\$acomputer$2rdamedia
=338  \\$aonline resource$2rdacarrier
=490  1\$aHistory of medicine in context
=500  \\$aFirst published 2015 by Ashgate Publishing.
=504  \\$aIncludes bibliographical references and index.
=505  0\$a1. Garcia de Orta in the context of the Sephardic diaspora / Jon Arrizabalaga -- 2. Locating Garcia de Orta in the port city of Goa and the Indian Ocean world / Michael N. Pearson -- 3. Garcia de Orta's Colloquies : context and afterlife of a dialogue / Ines G. Zupanov -- 4. A 'pleasant banquet of words' : therapeutic virtues and alimentary consumption in Garcia de Orta's Colloquies on the simples and drugs of India / Ines de Ornellas e Castro -- 5. Between science and philology : taxonomy of errors in Orta's Colloquies / Isabel Soler and Juan Pimentel -- 6. Cultures of inquiry, myths of empire : natural history in colonial Goa / Hugh Cagle -- 7. Trading in medical simples and developing the new science : Garcia de Orta and his contemporaries / Harold J. Cook -- 8. Garcia de Orta and Amato Lusitano's views on materia medica : a comparative perspective / Antonio Manuel Lopes Andrade -- 9. Figuring exotic nature in sixteenth-century Europe : Garcia de Orta and Clusius / Florike Egmond -- 10. East Indies, West Indies : Garcia de Orta and the Spanish treatises on exotic materia medica / Jose Pardo Tomas -- 11. 'Enduring echoes of Garcia de Orta' : the Royal Hospital gardens in Goa and evolving hybridization in Portuguese colonial medical culture / Timothy D. Walker -- 12. Identity and the construction of memory in representations of Garcia de Orta / Palmira Fontes da Costa.
=530  \\$aAlso available in print format.
=538  \\$aMode of access: World Wide Web.
=600  10$aOrta, Garcia de,$dactive 16th century.
=600  10$aOrta, Garcia de,$dactive 16th century.$tColoquios dos simples e drogas e coisas medicinais da India e de algumas frutas.
=650  \0$aMateria medica, Vegetable$zIndia$xHistory$y16th century.
=650  \0$aMedicine$zIndia$xHistory$y16th century.
=650  \0$aMedicine$zPortugal$xHistory$y16th century.
=650  \0$aNaturalists$zPortugal$vBiography.
=651  \0$aIndian Ocean$xCommerce$xHistory$y16th century.
=651  \0$aPortugal$xColonies$zAsia$xHistory$y16th century.
=651  \0$aPortugal$xCommerce$xHistory$y16th century.
=651  \0$aVelha Goa (India)$xCommerce$xHistory$y16th century.
=655  \7$aElectronic books.$2lcsh
=700  1\$aCosta, Palmira Fontes da.
=776  08$iPrint version: $z9781472431233(Hardback)$w 2014045099
=793  0\$aTaylor & Francis online monographs (UCSD)
=830  \0$aHistory of medicine in context.
=856 40$zTaylor & Francis. Restricted to UCSD IP addresses.$uhttps://www.taylorfrancis.com/books/9781317098171

