=LDR  02361cam a2200505Ii 4500
=001  TF9780203123096
=003  FlBoTFG
=005  20180331102445.0
=006  m\\\\\o\\d\\\\\\\\
=007  cr\\\\\\\\\\\\
=008  130331s2012\\\\enk\\\\\ob\\\\001\0\eng\d
=010  \\$a 2011040534
=020  \\$a9780203123096 (e-book : PDF)
=020  \\$a9780415682855 (hardback)
=020  \\$a9781136336997 (e-book: Mobi)
=020  \\$a9781136337031 (e-book: ePub)
=020  \\$a9781136337048 (e-book: PDF)
=020  \\$a9781138020061 (paperback)
=024  7\$a10.4324/9780203123096 $2doi
=035  \\$a(OCoLC)801405664
=040  \\$aFlBoTFG$cFlBoTFG$erda
=090  \\$aHM742$b.M65 2012
=092  \\$a306.4819$bM731
=100  1\$aMolz, Jennie Germann,$d1969-,$eauthor.
=245  10$aTravel connections :$btourism, technology and togetherness in a mobile world /$cJennie Germann Molz.
=250  \\$aFirst edition.
=264  \1$aAbingdon, Oxon :$bRoutledge,$c2012.
=300  \\$a1 online resource (198 pages) :$btext file, PDF
=336  \\$atext$2rdacontent
=337  \\$acomputer$2rdamedia
=338  \\$aonline resource$2rdacarrier
=490  1\$aInternational library of sociology
=504  \\$aIncludes bibliographical references (p. [180]-195) and index.
=505  0\$a1. Introduction : tourism, technology and togetherness in a mobile world -- 2. Fieldwork on the move : mobile virtual ethnography -- 3. Landscape : connecting to place, connected places -- 4. Gaze : mobilizing and mediating the tourist gaze -- 5. Hospitality : the mobile conviviality of CouchSurfing -- 6. Authenticity : representation, commodification and re-enchantment -- 7. Escape : unplugging from modernity -- 8. Conclusion : performing mobile sociality.
=506  \\$aLicense restrictions may limit access.
=506  \\$aSubscription required for access to full text.
=530  \\$aAlso available in print format.
=650  \0$aCulture and tourism.
=650  \0$aOnline social networks.
=650  \0$aTourism$xSocial aspects.
=650  \0$aTourism$xTechnological innovations.
=655  \7$aElectronic books.$2lcsh
=776  08$iPrint version: $z9780415682855$q(Hardback)
=793  0\$aTaylor & Francis online monographs (UCSD)
=830  \0$aInternational library of sociology.
=856 40$zTaylor & Francis. Restricted to UCSD IP addresses.$uhttps://www.taylorfrancis.com/books/9781136337048

