=LDR  01910cam a2200457Ii 4500
=001  TF9781136467202
=003  FlBoTFG
=005  20180331102445.0
=006  m\\\\\o\\d\\\\\\\\
=007  cr\\\\\\\\\\\\
=008  130331s2016\\\\enka\\\\ob\\\\001\0\eng\d
=020  \\$a9781136467202$q(e-book: PDF)
=020  \\$z9780203128176$q(e-book : PDF)
=020  \\$z9780415592352$q(paperback)
=020  \\$z9780415592338$q(hardback)
=020  \\$z9781136467196$q(e-book: ePub)
=020  \\$z9781136467158$q(e-book: Mobi)
=020  \\$a9780203128176 (e-book)
=020  \\$a9781136467158 (e-book: Mobi)
=020  \\$a9781136467196 (e-book: ePub)
=020  \\$a9780415592338 (hardback)
=020  \\$a9780415592352 (paperback)
=024  7\$a10.4324/9780203128176 $2doi
=035  \\$a(OCoLC)950739133
=040  \\$aFlBoTFG$cFlBoTFG$erda$beng
=050  \4$aPN1584$b.L38 2016
=082  04$a790.20905$bL399
=100  1\$aLavender, Andy.,$eauthor.
=245  10$aPerformance in the twenty-first century :$btheatres of engagement /$cAndy Lavender.
=264  \1$aLondon ;$aNew York :$bRoutledge,$c©2016.
=300  \\$a1 online resource (xii, 235 pages) :$billustrations, text file, PDF
=336  \\$atext$2rdacontent
=337  \\$acomputer$2rdamedia
=338  \\$aonline resource$2rdacarrier
=504  \\$aIncludes bibliographical references (p. [214]-230) and index.
=505  0\$apt. 1. Scenes of engagement -- pt. 2. On mediating performance -- pt. 3. On (not) being an actor -- pt. 4. On (not) being a spectator -- pt. 5. Theatre beyond theatre.
=530  \\$aAlso available in print format.
=650  \0$aPerforming arts$xHistory$y21st century.
=655  \7$aElectronic books.$2lcsh
=776  08$iPrint version: $z9780415592338(Hardback)$w(DLC) 2015042640
=793  0\$aTaylor & Francis online monographs (UCSD)
=856 40$zTaylor & Francis. Restricted to UCSD IP addresses.$uhttps://www.taylorfrancis.com/books/9781136467202

