=LDR  02932cam a2200553Ii 4500
=001  TF9781315676692
=003  FlBoTFG
=005  20180331111825.0
=006  m\\\\\o\\d\\\\\\\\
=007  cr\\\\\\\\\\\\
=008  180331s2016\\\\enkabc\\ob\\\\001\0\eng\d
=020  \\$a9781317385943 (e-book: PDF)$q(e-book : PDF)
=020  \\$z9781317385943$q(e-book: PDF)
=020  \\$z9781317385936$q(e-book: ePub)
=020  \\$z9781317385929$q(e-book: Mobi)
=020  \\$z9781138936690$q(hardback)
=020  \\$z9781138092815$q(paperback)
=020  \\$a9781315676692 (e-book)
=020  \\$a9781317385929 (e-book: Mobi)
=020  \\$a9781317385936 (e-book: ePub)
=020  \\$a9781138936690 (hardback)
=020  \\$a9781138092815 (paperback)
=024  7\$a10.4324/9781315676692 $2doi
=035  \\$a(OCoLC)958109547
=040  \\$aFlBoTFG$cFlBoTFG$erda$beng
=043  \\$asn-----
=050  \4$aKG966.F36$bB37 2016
=082  04$a344.80328292$bB272
=100  1\$aBarrera Vivero, Anna,$d1980-,$eauthor.
=245  10$aViolence against women in legally plural settings :$bexperiences and lessons from the Andes /$cAnna Barrera Vivero.
=264  \1$aAbingdon, Oxon ;$aNew York, N.Y. :$bRoutledge,$c©2016.
=300  \\$a1 online resource (xvi, 285 pages) :$billustrations, text file, PDF
=336  \\$atext$2rdacontent
=337  \\$acomputer$2rdamedia
=338  \\$aonline resource$2rdacarrier
=490  1\$aLaw, development and globalization
=500  \\$aBased on author's thesis (doctoral - German Institute of Global and Area Studies and the University of Hamburg, 2014) under title: Promoting Change in Legally Plural Settings : Domestic Violence and Indigenous Women's Quest for Justice in the Andes.
=504  \\$aIncludes bibliographical references and index.
=505  0\$aIntroduction : indigenous women's hindered access to justice in legally plural settings -- Theoretical approaches to legal and institutional change -- "Many women hadn't even thought about what it means to be a woman" : La Calera and La Riconda, Ecuador -- "As if I was sleeping, and then I woke up!" : Chacabamba and Tungasuca, Peru -- "Sometimes we as women undervalue ourselves" : Mojocoya and Tarabuco, Bolivia -- Comparative analysis of case studies -- Conclusions and implications.
=530  \\$aAlso available in print format.
=650  \0$aAbused women$xLegal status, laws, etc.$zAndes Region.
=650  \0$aFamily violence$xLaw and legislation$zAndes Region.
=650  \0$aFamily violence$zAndes Region.
=650  \0$aIndian women$xLegal status, laws, etc.$zAndes Region.
=650  \0$aLegal polycentricity$zAndes Region.
=655  \7$aElectronic books.$2lcsh
=776  08$iPrint version: $z9781138936690(Hardback)$w 2015025098
=793  0\$aTaylor & Francis online monographs (UCSD)
=830  \0$aLaw, development and globalization.
=856 40$zTaylor & Francis. Restricted to UCSD IP addresses.$uhttps://www.taylorfrancis.com/books/9781317385943

